%YAML 1.1
%TAG !u! tag:unity3d.com,2011:
--- !u!1 &1716806141643234129
GameObject:
  m_ObjectHideFlags: 0
  m_CorrespondingSourceObject: {fileID: 0}
  m_PrefabInstance: {fileID: 0}
  m_PrefabAsset: {fileID: 0}
  serializedVersion: 6
  m_Component:
  - component: {fileID: 1716806141643234128}
  - component: {fileID: 1597664417}
  m_Layer: 0
  m_Name: ROOM
  m_TagString: Untagged
  m_Icon: {fileID: 0}
  m_NavMeshLayer: 0
  m_StaticEditorFlags: 0
  m_IsActive: 1
--- !u!4 &1716806141643234128
Transform:
  m_ObjectHideFlags: 0
  m_CorrespondingSourceObject: {fileID: 0}
  m_PrefabInstance: {fileID: 0}
  m_PrefabAsset: {fileID: 0}
  m_GameObject: {fileID: 1716806141643234129}
  m_LocalRotation: {x: 0, y: 0, z: 0, w: 1}
  m_LocalPosition: {x: 0, y: 0, z: 0}
  m_LocalScale: {x: 1, y: 1, z: 1}
  m_Children:
  - {fileID: 1178231624982593786}
  - {fileID: 2666096619151067895}
  m_Father: {fileID: 0}
  m_RootOrder: 0
  m_LocalEulerAnglesHint: {x: 0, y: 0, z: 0}
--- !u!23 &1597664417
MeshRenderer:
  m_ObjectHideFlags: 0
  m_CorrespondingSourceObject: {fileID: 0}
  m_PrefabInstance: {fileID: 0}
  m_PrefabAsset: {fileID: 0}
  m_GameObject: {fileID: 1716806141643234129}
  m_Enabled: 1
  m_CastShadows: 1
  m_ReceiveShadows: 1
  m_DynamicOccludee: 1
  m_MotionVectors: 1
  m_LightProbeUsage: 1
  m_ReflectionProbeUsage: 1
  m_RayTracingMode: 2
  m_RenderingLayerMask: 1
  m_RendererPriority: 0
  m_Materials:
  - {fileID: 2100000, guid: 07a4cc394ef7660488e1b41ea248d1e1, type: 2}
  m_StaticBatchInfo:
    firstSubMesh: 0
    subMeshCount: 0
  m_StaticBatchRoot: {fileID: 0}
  m_ProbeAnchor: {fileID: 0}
  m_LightProbeVolumeOverride: {fileID: 0}
  m_ScaleInLightmap: 1
  m_ReceiveGI: 1
  m_PreserveUVs: 0
  m_IgnoreNormalsForChartDetection: 0
  m_ImportantGI: 0
  m_StitchLightmapSeams: 1
  m_SelectedEditorRenderState: 3
  m_MinimumChartSize: 4
  m_AutoUVMaxDistance: 0.5
  m_AutoUVMaxAngle: 89
  m_LightmapParameters: {fileID: 0}
  m_SortingLayerID: 0
  m_SortingLayer: 0
  m_SortingOrder: 0
--- !u!1 &2666096619151067880
GameObject:
  m_ObjectHideFlags: 0
  m_CorrespondingSourceObject: {fileID: 0}
  m_PrefabInstance: {fileID: 0}
  m_PrefabAsset: {fileID: 0}
  serializedVersion: 6
  m_Component:
  - component: {fileID: 2666096619151067895}
  - component: {fileID: 2666096619151067892}
  - component: {fileID: 2666096619151067893}
  - component: {fileID: 2666096619151067894}
  - component: {fileID: 2666096619151067891}
  m_Layer: 0
  m_Name: Portal Dor
  m_TagString: Untagged
  m_Icon: {fileID: 0}
  m_NavMeshLayer: 0
  m_StaticEditorFlags: 0
  m_IsActive: 1
--- !u!4 &2666096619151067895
Transform:
  m_ObjectHideFlags: 0
  m_CorrespondingSourceObject: {fileID: 0}
  m_PrefabInstance: {fileID: 0}
  m_PrefabAsset: {fileID: 0}
  m_GameObject: {fileID: 2666096619151067880}
  m_LocalRotation: {x: -0, y: -0, z: -0, w: 1}
  m_LocalPosition: {x: -0.2633, y: 0.7954, z: 0.354}
  m_LocalScale: {x: 0.47658247, y: 1.1092663, z: 0.1}
  m_Children: []
  m_Father: {fileID: 1716806141643234128}
  m_RootOrder: 1
  m_LocalEulerAnglesHint: {x: 0, y: 0, z: 0}
--- !u!33 &2666096619151067892
MeshFilter:
  m_ObjectHideFlags: 0
  m_CorrespondingSourceObject: {fileID: 0}
  m_PrefabInstance: {fileID: 0}
  m_PrefabAsset: {fileID: 0}
  m_GameObject: {fileID: 2666096619151067880}
  m_Mesh: {fileID: 10210, guid: 0000000000000000e000000000000000, type: 0}
--- !u!23 &2666096619151067893
MeshRenderer:
  m_ObjectHideFlags: 0
  m_CorrespondingSourceObject: {fileID: 0}
  m_PrefabInstance: {fileID: 0}
  m_PrefabAsset: {fileID: 0}
  m_GameObject: {fileID: 2666096619151067880}
  m_Enabled: 1
  m_CastShadows: 1
  m_ReceiveShadows: 1
  m_DynamicOccludee: 1
  m_MotionVectors: 1
  m_LightProbeUsage: 1
  m_ReflectionProbeUsage: 1
  m_RayTracingMode: 2
  m_RenderingLayerMask: 1
  m_RendererPriority: 0
  m_Materials:
  - {fileID: 2100000, guid: d0cec8c13e3bc344eae2193446a0624c, type: 2}
  m_StaticBatchInfo:
    firstSubMesh: 0
    subMeshCount: 0
  m_StaticBatchRoot: {fileID: 0}
  m_ProbeAnchor: {fileID: 0}
  m_LightProbeVolumeOverride: {fileID: 0}
  m_ScaleInLightmap: 1
  m_ReceiveGI: 1
  m_PreserveUVs: 0
  m_IgnoreNormalsForChartDetection: 0
  m_ImportantGI: 0
  m_StitchLightmapSeams: 1
  m_SelectedEditorRenderState: 3
  m_MinimumChartSize: 4
  m_AutoUVMaxDistance: 0.5
  m_AutoUVMaxAngle: 89
  m_LightmapParameters: {fileID: 0}
  m_SortingLayerID: 0
  m_SortingLayer: 0
  m_SortingOrder: 0
--- !u!64 &2666096619151067894
MeshCollider:
  m_ObjectHideFlags: 0
  m_CorrespondingSourceObject: {fileID: 0}
  m_PrefabInstance: {fileID: 0}
  m_PrefabAsset: {fileID: 0}
  m_GameObject: {fileID: 2666096619151067880}
  m_Material: {fileID: 0}
  m_IsTrigger: 0
  m_Enabled: 1
  serializedVersion: 4
  m_Convex: 0
  m_CookingOptions: 30
  m_Mesh: {fileID: 10210, guid: 0000000000000000e000000000000000, type: 0}
--- !u!114 &2666096619151067891
MonoBehaviour:
  m_ObjectHideFlags: 0
  m_CorrespondingSourceObject: {fileID: 0}
  m_PrefabInstance: {fileID: 0}
  m_PrefabAsset: {fileID: 0}
  m_GameObject: {fileID: 2666096619151067880}
  m_Enabled: 1
  m_EditorHideFlags: 0
  m_Script: {fileID: 11500000, guid: f9a2fae60e8233e4bb0fb30777c96abb, type: 3}
  m_Name: 
  m_EditorClassIdentifier: 
  materials:
  - {fileID: 2100000, guid: 07a4cc394ef7660488e1b41ea248d1e1, type: 2}
  - {fileID: 2100000, guid: a73ca0ba8268a124e9377358b40851aa, type: 2}
  - {fileID: 2100000, guid: d305888719f93b84395356426dc399ab, type: 2}
  - {fileID: 2100000, guid: c35aa49dfdd737d4db816449a23ac6ce, type: 2}
  - {fileID: 2100000, guid: 8123f489f4289da409d5d2ac4d6ff69d, type: 2}
  - {fileID: 2100000, guid: 81cc7a76b9077744f9f3c1b951231d19, type: 2}
  - {fileID: 2100000, guid: acc3b4b73b1ed54469418d5c7360ef0d, type: 2}
  - {fileID: 2100000, guid: 0eb926af9932ad245b52590856dad7a0, type: 2}
  - {fileID: 2100000, guid: 281b4f8fbfb60fa4da3ec015f0ac3f1e, type: 2}
  - {fileID: 2100000, guid: 581e0b3c19ce6814da1b6e27779729d2, type: 2}
  - {fileID: 2100000, guid: 66ea4da8e807da04da4ec8450975b670, type: 2}
  - {fileID: 2100000, guid: e930537181cb6db4094b1c48cbef95cc, type: 2}
  - {fileID: 2100000, guid: 9ca8511baf978a841bbb511fe959fb19, type: 2}
  - {fileID: 2100000, guid: 9e424b686344bec4d9d8d5e75af2c591, type: 2}
  - {fileID: 2100000, guid: 70e6ad467fb42de4798eea825f3da5bf, type: 2}
  - {fileID: 2100000, guid: 70f3a9f3b2ab0d74fb07fd33fa4d18a0, type: 2}
  - {fileID: 2100000, guid: d06d3336168d26442972f8f357834a4b, type: 2}
  - {fileID: 2100000, guid: 72b69fceb9180894b91a211da3a0b85b, type: 2}
  - {fileID: 2100000, guid: 611bbe13360119a47a264f2f2752d0f7, type: 2}
  - {fileID: 2100000, guid: 83eea05e845257749b726b9b68647cba, type: 2}
  - {fileID: 2100000, guid: 0ccc27bf372e4804290f724392d78c66, type: 2}
  - {fileID: 2100000, guid: 59524f4d9698c154bb3f0e8bb80eeeec, type: 2}
  - {fileID: 2100000, guid: 23823529f305aaa488454bbf5b3a0d67, type: 2}
  - {fileID: 2100000, guid: a83759692a2958242814c212897e1673, type: 2}
  - {fileID: 2100000, guid: 2383dca59aff1d44fbed73da73e35563, type: 2}
  - {fileID: 2100000, guid: 721b4656c35b67f4c94826c67b348a98, type: 2}
  - {fileID: 2100000, guid: 9b4088af0f8e6ea4198d4f6d6b7bef08, type: 2}
--- !u!1001 &1716806141167888145
PrefabInstance:
  m_ObjectHideFlags: 0
  serializedVersion: 2
  m_Modification:
    m_TransformParent: {fileID: 1716806141643234128}
    m_Modifications:
    - target: {fileID: -8983053269281219431, guid: 83448c7afd35fd048a79f5d650053891,
        type: 3}
      propertyPath: m_Materials.Array.data[0]
      value: 
      objectReference: {fileID: 2100000, guid: 0ccc27bf372e4804290f724392d78c66, type: 2}
    - target: {fileID: -8870674990813441227, guid: 83448c7afd35fd048a79f5d650053891,
        type: 3}
      propertyPath: m_Materials.Array.data[0]
      value: 
      objectReference: {fileID: 2100000, guid: 581e0b3c19ce6814da1b6e27779729d2, type: 2}
    - target: {fileID: -8870674990813441227, guid: 83448c7afd35fd048a79f5d650053891,
        type: 3}
      propertyPath: m_Materials.Array.data[1]
      value: 
      objectReference: {fileID: 2100000, guid: 66ea4da8e807da04da4ec8450975b670, type: 2}
    - target: {fileID: -8870674990813441227, guid: 83448c7afd35fd048a79f5d650053891,
        type: 3}
      propertyPath: m_Materials.Array.data[2]
      value: 
      objectReference: {fileID: 2100000, guid: acc3b4b73b1ed54469418d5c7360ef0d, type: 2}
    - target: {fileID: -8870674990813441227, guid: 83448c7afd35fd048a79f5d650053891,
        type: 3}
      propertyPath: m_Materials.Array.data[3]
      value: 
      objectReference: {fileID: 2100000, guid: 66ea4da8e807da04da4ec8450975b670, type: 2}
    - target: {fileID: -8867477870038081954, guid: 83448c7afd35fd048a79f5d650053891,
        type: 3}
      propertyPath: m_Materials.Array.data[0]
      value: 
      objectReference: {fileID: 2100000, guid: 8123f489f4289da409d5d2ac4d6ff69d, type: 2}
    - target: {fileID: -8695332090720046961, guid: 83448c7afd35fd048a79f5d650053891,
        type: 3}
      propertyPath: m_Materials.Array.data[0]
      value: 
      objectReference: {fileID: 2100000, guid: 9b4088af0f8e6ea4198d4f6d6b7bef08, type: 2}
    - target: {fileID: -8679921383154817045, guid: 83448c7afd35fd048a79f5d650053891,
        type: 3}
      propertyPath: m_RootOrder
      value: 0
      objectReference: {fileID: 0}
    - target: {fileID: -8679921383154817045, guid: 83448c7afd35fd048a79f5d650053891,
        type: 3}
      propertyPath: m_LocalScale.x
      value: 0.5502596
      objectReference: {fileID: 0}
    - target: {fileID: -8679921383154817045, guid: 83448c7afd35fd048a79f5d650053891,
        type: 3}
      propertyPath: m_LocalScale.y
      value: 0.5502596
      objectReference: {fileID: 0}
    - target: {fileID: -8679921383154817045, guid: 83448c7afd35fd048a79f5d650053891,
        type: 3}
      propertyPath: m_LocalScale.z
      value: 0.5502596
      objectReference: {fileID: 0}
    - target: {fileID: -8679921383154817045, guid: 83448c7afd35fd048a79f5d650053891,
        type: 3}
      propertyPath: m_LocalPosition.x
      value: 0
      objectReference: {fileID: 0}
    - target: {fileID: -8679921383154817045, guid: 83448c7afd35fd048a79f5d650053891,
        type: 3}
      propertyPath: m_LocalPosition.y
      value: 0.22528
      objectReference: {fileID: 0}
    - target: {fileID: -8679921383154817045, guid: 83448c7afd35fd048a79f5d650053891,
        type: 3}
      propertyPath: m_LocalPosition.z
      value: 2.6598
      objectReference: {fileID: 0}
    - target: {fileID: -8679921383154817045, guid: 83448c7afd35fd048a79f5d650053891,
        type: 3}
      propertyPath: m_LocalRotation.w
      value: 0
      objectReference: {fileID: 0}
    - target: {fileID: -8679921383154817045, guid: 83448c7afd35fd048a79f5d650053891,
        type: 3}
      propertyPath: m_LocalRotation.x
      value: -0
      objectReference: {fileID: 0}
    - target: {fileID: -8679921383154817045, guid: 83448c7afd35fd048a79f5d650053891,
        type: 3}
      propertyPath: m_LocalRotation.y
      value: 1
      objectReference: {fileID: 0}
    - target: {fileID: -8679921383154817045, guid: 83448c7afd35fd048a79f5d650053891,
        type: 3}
      propertyPath: m_LocalRotation.z
      value: -0
      objectReference: {fileID: 0}
    - target: {fileID: -8679921383154817045, guid: 83448c7afd35fd048a79f5d650053891,
        type: 3}
      propertyPath: m_LocalEulerAnglesHint.x
      value: 0
      objectReference: {fileID: 0}
    - target: {fileID: -8679921383154817045, guid: 83448c7afd35fd048a79f5d650053891,
        type: 3}
      propertyPath: m_LocalEulerAnglesHint.y
      value: 180
      objectReference: {fileID: 0}
    - target: {fileID: -8679921383154817045, guid: 83448c7afd35fd048a79f5d650053891,
        type: 3}
      propertyPath: m_LocalEulerAnglesHint.z
      value: 0
      objectReference: {fileID: 0}
    - target: {fileID: -8578536251989817752, guid: 83448c7afd35fd048a79f5d650053891,
        type: 3}
      propertyPath: m_Materials.Array.data[0]
      value: 
      objectReference: {fileID: 2100000, guid: e930537181cb6db4094b1c48cbef95cc, type: 2}
    - target: {fileID: -8578536251989817752, guid: 83448c7afd35fd048a79f5d650053891,
        type: 3}
      propertyPath: m_Materials.Array.data[1]
      value: 
      objectReference: {fileID: 2100000, guid: 9ca8511baf978a841bbb511fe959fb19, type: 2}
    - target: {fileID: -8574120244550949717, guid: 83448c7afd35fd048a79f5d650053891,
        type: 3}
      propertyPath: m_Materials.Array.data[0]
      value: 
      objectReference: {fileID: 2100000, guid: d06d3336168d26442972f8f357834a4b, type: 2}
    - target: {fileID: -8574120244550949717, guid: 83448c7afd35fd048a79f5d650053891,
        type: 3}
      propertyPath: m_Materials.Array.data[1]
      value: 
      objectReference: {fileID: 2100000, guid: 66ea4da8e807da04da4ec8450975b670, type: 2}
    - target: {fileID: -8278511070244637698, guid: 83448c7afd35fd048a79f5d650053891,
        type: 3}
      propertyPath: m_Materials.Array.data[0]
      value: 
      objectReference: {fileID: 2100000, guid: acc3b4b73b1ed54469418d5c7360ef0d, type: 2}
    - target: {fileID: -8207437889969991217, guid: 83448c7afd35fd048a79f5d650053891,
        type: 3}
      propertyPath: m_Materials.Array.data[0]
      value: 
      objectReference: {fileID: 2100000, guid: acc3b4b73b1ed54469418d5c7360ef0d, type: 2}
    - target: {fileID: -7946959347421673320, guid: 83448c7afd35fd048a79f5d650053891,
        type: 3}
      propertyPath: m_Materials.Array.data[0]
      value: 
      objectReference: {fileID: 2100000, guid: 66ea4da8e807da04da4ec8450975b670, type: 2}
    - target: {fileID: -7946959347421673320, guid: 83448c7afd35fd048a79f5d650053891,
        type: 3}
      propertyPath: m_Materials.Array.data[1]
      value: 
      objectReference: {fileID: 2100000, guid: 70e6ad467fb42de4798eea825f3da5bf, type: 2}
    - target: {fileID: -7578918174653002102, guid: 83448c7afd35fd048a79f5d650053891,
        type: 3}
      propertyPath: m_Materials.Array.data[0]
      value: 
      objectReference: {fileID: 2100000, guid: 66ea4da8e807da04da4ec8450975b670, type: 2}
    - target: {fileID: -7533713138817940312, guid: 83448c7afd35fd048a79f5d650053891,
        type: 3}
      propertyPath: m_Materials.Array.data[0]
      value: 
      objectReference: {fileID: 2100000, guid: 8123f489f4289da409d5d2ac4d6ff69d, type: 2}
    - target: {fileID: -7533713138817940312, guid: 83448c7afd35fd048a79f5d650053891,
        type: 3}
      propertyPath: m_Materials.Array.data[1]
      value: 
      objectReference: {fileID: 2100000, guid: 0eb926af9932ad245b52590856dad7a0, type: 2}
    - target: {fileID: -7158074565357003274, guid: 83448c7afd35fd048a79f5d650053891,
        type: 3}
      propertyPath: m_Materials.Array.data[0]
      value: 
      objectReference: {fileID: 2100000, guid: acc3b4b73b1ed54469418d5c7360ef0d, type: 2}
    - target: {fileID: -6900551182851830691, guid: 83448c7afd35fd048a79f5d650053891,
        type: 3}
      propertyPath: m_Materials.Array.data[0]
      value: 
      objectReference: {fileID: 2100000, guid: 23823529f305aaa488454bbf5b3a0d67, type: 2}
    - target: {fileID: -6673802680727711063, guid: 83448c7afd35fd048a79f5d650053891,
        type: 3}
      propertyPath: m_Materials.Array.data[0]
      value: 
      objectReference: {fileID: 2100000, guid: 66ea4da8e807da04da4ec8450975b670, type: 2}
    - target: {fileID: -6673802680727711063, guid: 83448c7afd35fd048a79f5d650053891,
        type: 3}
      propertyPath: m_Materials.Array.data[1]
      value: 
      objectReference: {fileID: 2100000, guid: 70f3a9f3b2ab0d74fb07fd33fa4d18a0, type: 2}
    - target: {fileID: -6620015499505100722, guid: 83448c7afd35fd048a79f5d650053891,
        type: 3}
      propertyPath: m_Materials.Array.data[0]
      value: 
      objectReference: {fileID: 2100000, guid: acc3b4b73b1ed54469418d5c7360ef0d, type: 2}
    - target: {fileID: -6568489076377029414, guid: 83448c7afd35fd048a79f5d650053891,
        type: 3}
      propertyPath: m_Materials.Array.data[0]
      value: 
      objectReference: {fileID: 2100000, guid: 721b4656c35b67f4c94826c67b348a98, type: 2}
    - target: {fileID: -5983879775982416459, guid: 83448c7afd35fd048a79f5d650053891,
        type: 3}
      propertyPath: m_Materials.Array.data[0]
      value: 
      objectReference: {fileID: 2100000, guid: 70e6ad467fb42de4798eea825f3da5bf, type: 2}
    - target: {fileID: -5983879775982416459, guid: 83448c7afd35fd048a79f5d650053891,
        type: 3}
      propertyPath: m_Materials.Array.data[1]
      value: 
      objectReference: {fileID: 2100000, guid: 72b69fceb9180894b91a211da3a0b85b, type: 2}
    - target: {fileID: -5944490059735228256, guid: 83448c7afd35fd048a79f5d650053891,
        type: 3}
      propertyPath: m_Materials.Array.data[0]
      value: 
      objectReference: {fileID: 2100000, guid: 66ea4da8e807da04da4ec8450975b670, type: 2}
    - target: {fileID: -5944490059735228256, guid: 83448c7afd35fd048a79f5d650053891,
        type: 3}
      propertyPath: m_Materials.Array.data[1]
      value: 
      objectReference: {fileID: 2100000, guid: e930537181cb6db4094b1c48cbef95cc, type: 2}
    - target: {fileID: -5830521277387627947, guid: 83448c7afd35fd048a79f5d650053891,
        type: 3}
      propertyPath: m_Materials.Array.data[0]
      value: 
      objectReference: {fileID: 2100000, guid: acc3b4b73b1ed54469418d5c7360ef0d, type: 2}
    - target: {fileID: -4791300549530949414, guid: 83448c7afd35fd048a79f5d650053891,
        type: 3}
      propertyPath: m_Materials.Array.data[0]
      value: 
      objectReference: {fileID: 2100000, guid: 581e0b3c19ce6814da1b6e27779729d2, type: 2}
    - target: {fileID: -4791300549530949414, guid: 83448c7afd35fd048a79f5d650053891,
        type: 3}
      propertyPath: m_Materials.Array.data[1]
      value: 
      objectReference: {fileID: 2100000, guid: d305888719f93b84395356426dc399ab, type: 2}
    - target: {fileID: -4535744059852909316, guid: 83448c7afd35fd048a79f5d650053891,
        type: 3}
      propertyPath: m_Materials.Array.data[0]
      value: 
      objectReference: {fileID: 2100000, guid: 611bbe13360119a47a264f2f2752d0f7, type: 2}
    - target: {fileID: -4535744059852909316, guid: 83448c7afd35fd048a79f5d650053891,
        type: 3}
      propertyPath: m_Materials.Array.data[1]
      value: 
      objectReference: {fileID: 2100000, guid: 66ea4da8e807da04da4ec8450975b670, type: 2}
    - target: {fileID: -4535744059852909316, guid: 83448c7afd35fd048a79f5d650053891,
        type: 3}
      propertyPath: m_Materials.Array.data[2]
      value: 
      objectReference: {fileID: 2100000, guid: 66ea4da8e807da04da4ec8450975b670, type: 2}
    - target: {fileID: -4420866383300009819, guid: 83448c7afd35fd048a79f5d650053891,
        type: 3}
      propertyPath: m_Materials.Array.data[0]
      value: 
      objectReference: {fileID: 2100000, guid: 581e0b3c19ce6814da1b6e27779729d2, type: 2}
    - target: {fileID: -3830833470813272475, guid: 83448c7afd35fd048a79f5d650053891,
        type: 3}
      propertyPath: m_Materials.Array.data[0]
      value: 
      objectReference: {fileID: 2100000, guid: 66ea4da8e807da04da4ec8450975b670, type: 2}
    - target: {fileID: -3535849134535614525, guid: 83448c7afd35fd048a79f5d650053891,
        type: 3}
      propertyPath: m_Materials.Array.data[0]
      value: 
      objectReference: {fileID: 2100000, guid: 66ea4da8e807da04da4ec8450975b670, type: 2}
    - target: {fileID: -3195879047732267797, guid: 83448c7afd35fd048a79f5d650053891,
        type: 3}
      propertyPath: m_Materials.Array.data[0]
      value: 
      objectReference: {fileID: 2100000, guid: 66ea4da8e807da04da4ec8450975b670, type: 2}
    - target: {fileID: -3195879047732267797, guid: 83448c7afd35fd048a79f5d650053891,
        type: 3}
      propertyPath: m_Materials.Array.data[1]
      value: 
      objectReference: {fileID: 2100000, guid: 70e6ad467fb42de4798eea825f3da5bf, type: 2}
    - target: {fileID: -3195879047732267797, guid: 83448c7afd35fd048a79f5d650053891,
        type: 3}
      propertyPath: m_Materials.Array.data[2]
      value: 
      objectReference: {fileID: 2100000, guid: 9e424b686344bec4d9d8d5e75af2c591, type: 2}
    - target: {fileID: -3172522196843884890, guid: 83448c7afd35fd048a79f5d650053891,
        type: 3}
      propertyPath: m_Materials.Array.data[0]
      value: 
      objectReference: {fileID: 2100000, guid: 66ea4da8e807da04da4ec8450975b670, type: 2}
    - target: {fileID: -3172522196843884890, guid: 83448c7afd35fd048a79f5d650053891,
        type: 3}
      propertyPath: m_Materials.Array.data[1]
      value: 
      objectReference: {fileID: 2100000, guid: 70e6ad467fb42de4798eea825f3da5bf, type: 2}
    - target: {fileID: -3112120914814964607, guid: 83448c7afd35fd048a79f5d650053891,
        type: 3}
      propertyPath: m_Materials.Array.data[0]
      value: 
      objectReference: {fileID: 2100000, guid: 59524f4d9698c154bb3f0e8bb80eeeec, type: 2}
    - target: {fileID: -1908945041025990615, guid: 83448c7afd35fd048a79f5d650053891,
        type: 3}
      propertyPath: m_Materials.Array.data[0]
      value: 
      objectReference: {fileID: 2100000, guid: 9ca8511baf978a841bbb511fe959fb19, type: 2}
    - target: {fileID: -1908945041025990615, guid: 83448c7afd35fd048a79f5d650053891,
        type: 3}
      propertyPath: m_Materials.Array.data[1]
      value: 
      objectReference: {fileID: 2100000, guid: e930537181cb6db4094b1c48cbef95cc, type: 2}
    - target: {fileID: -1806680513116206669, guid: 83448c7afd35fd048a79f5d650053891,
        type: 3}
      propertyPath: m_Materials.Array.data[0]
      value: 
      objectReference: {fileID: 2100000, guid: c35aa49dfdd737d4db816449a23ac6ce, type: 2}
    - target: {fileID: -1754224553291791209, guid: 83448c7afd35fd048a79f5d650053891,
        type: 3}
      propertyPath: m_Materials.Array.data[0]
      value: 
      objectReference: {fileID: 2100000, guid: e930537181cb6db4094b1c48cbef95cc, type: 2}
    - target: {fileID: -1754224553291791209, guid: 83448c7afd35fd048a79f5d650053891,
        type: 3}
      propertyPath: m_Materials.Array.data[1]
      value: 
      objectReference: {fileID: 2100000, guid: 9ca8511baf978a841bbb511fe959fb19, type: 2}
    - target: {fileID: -1629295319675769731, guid: 83448c7afd35fd048a79f5d650053891,
        type: 3}
      propertyPath: m_Materials.Array.data[0]
      value: 
      objectReference: {fileID: 2100000, guid: 66ea4da8e807da04da4ec8450975b670, type: 2}
    - target: {fileID: -1584562599466180305, guid: 83448c7afd35fd048a79f5d650053891,
        type: 3}
      propertyPath: m_Materials.Array.data[0]
      value: 
      objectReference: {fileID: 2100000, guid: acc3b4b73b1ed54469418d5c7360ef0d, type: 2}
    - target: {fileID: -1461304994638716399, guid: 83448c7afd35fd048a79f5d650053891,
        type: 3}
      propertyPath: m_Materials.Array.data[0]
      value: 
      objectReference: {fileID: 2100000, guid: 581e0b3c19ce6814da1b6e27779729d2, type: 2}
    - target: {fileID: -1461304994638716399, guid: 83448c7afd35fd048a79f5d650053891,
        type: 3}
      propertyPath: m_Materials.Array.data[1]
      value: 
      objectReference: {fileID: 2100000, guid: 581e0b3c19ce6814da1b6e27779729d2, type: 2}
    - target: {fileID: -1260574127418282288, guid: 83448c7afd35fd048a79f5d650053891,
        type: 3}
      propertyPath: m_Materials.Array.data[0]
      value: 
      objectReference: {fileID: 2100000, guid: 281b4f8fbfb60fa4da3ec015f0ac3f1e, type: 2}
    - target: {fileID: -1260574127418282288, guid: 83448c7afd35fd048a79f5d650053891,
        type: 3}
      propertyPath: m_Materials.Array.data[1]
      value: 
      objectReference: {fileID: 2100000, guid: 581e0b3c19ce6814da1b6e27779729d2, type: 2}
    - target: {fileID: -1260574127418282288, guid: 83448c7afd35fd048a79f5d650053891,
        type: 3}
      propertyPath: m_Materials.Array.data[2]
      value: 
      objectReference: {fileID: 2100000, guid: 66ea4da8e807da04da4ec8450975b670, type: 2}
    - target: {fileID: -1120989108687609925, guid: 83448c7afd35fd048a79f5d650053891,
        type: 3}
      propertyPath: m_Materials.Array.data[0]
      value: 
      objectReference: {fileID: 2100000, guid: 70f3a9f3b2ab0d74fb07fd33fa4d18a0, type: 2}
    - target: {fileID: -1120989108687609925, guid: 83448c7afd35fd048a79f5d650053891,
        type: 3}
      propertyPath: m_Materials.Array.data[1]
      value: 
      objectReference: {fileID: 2100000, guid: 66ea4da8e807da04da4ec8450975b670, type: 2}
    - target: {fileID: -804731622281664130, guid: 83448c7afd35fd048a79f5d650053891,
        type: 3}
      propertyPath: m_Materials.Array.data[0]
      value: 
      objectReference: {fileID: 2100000, guid: c35aa49dfdd737d4db816449a23ac6ce, type: 2}
    - target: {fileID: -791200935875793018, guid: 83448c7afd35fd048a79f5d650053891,
        type: 3}
      propertyPath: m_Materials.Array.data[0]
      value: 
      objectReference: {fileID: 2100000, guid: 70e6ad467fb42de4798eea825f3da5bf, type: 2}
    - target: {fileID: -791200935875793018, guid: 83448c7afd35fd048a79f5d650053891,
        type: 3}
      propertyPath: m_Materials.Array.data[1]
      value: 
      objectReference: {fileID: 2100000, guid: 72b69fceb9180894b91a211da3a0b85b, type: 2}
    - target: {fileID: -678588488315902003, guid: 83448c7afd35fd048a79f5d650053891,
        type: 3}
      propertyPath: m_Materials.Array.data[0]
      value: 
      objectReference: {fileID: 2100000, guid: 66ea4da8e807da04da4ec8450975b670, type: 2}
    - target: {fileID: -678588488315902003, guid: 83448c7afd35fd048a79f5d650053891,
        type: 3}
      propertyPath: m_Materials.Array.data[1]
      value: 
      objectReference: {fileID: 2100000, guid: 70e6ad467fb42de4798eea825f3da5bf, type: 2}
    - target: {fileID: -660508569150998312, guid: 83448c7afd35fd048a79f5d650053891,
        type: 3}
      propertyPath: m_Materials.Array.data[0]
      value: 
      objectReference: {fileID: 2100000, guid: 66ea4da8e807da04da4ec8450975b670, type: 2}
    - target: {fileID: -223331563329007878, guid: 83448c7afd35fd048a79f5d650053891,
        type: 3}
      propertyPath: m_Materials.Array.data[0]
      value: 
      objectReference: {fileID: 2100000, guid: 8123f489f4289da409d5d2ac4d6ff69d, type: 2}
    - target: {fileID: -223331563329007878, guid: 83448c7afd35fd048a79f5d650053891,
        type: 3}
      propertyPath: m_Materials.Array.data[1]
      value: 
      objectReference: {fileID: 2100000, guid: 81cc7a76b9077744f9f3c1b951231d19, type: 2}
    - target: {fileID: 62350091898342133, guid: 83448c7afd35fd048a79f5d650053891,
        type: 3}
      propertyPath: m_Materials.Array.data[0]
      value: 
      objectReference: {fileID: 2100000, guid: 66ea4da8e807da04da4ec8450975b670, type: 2}
    - target: {fileID: 62350091898342133, guid: 83448c7afd35fd048a79f5d650053891,
        type: 3}
      propertyPath: m_Materials.Array.data[1]
      value: 
      objectReference: {fileID: 2100000, guid: 70e6ad467fb42de4798eea825f3da5bf, type: 2}
    - target: {fileID: 93519138714632111, guid: 83448c7afd35fd048a79f5d650053891,
        type: 3}
      propertyPath: m_Materials.Array.data[0]
      value: 
      objectReference: {fileID: 2100000, guid: 66ea4da8e807da04da4ec8450975b670, type: 2}
    - target: {fileID: 93519138714632111, guid: 83448c7afd35fd048a79f5d650053891,
        type: 3}
      propertyPath: m_Materials.Array.data[1]
      value: 
      objectReference: {fileID: 2100000, guid: 70e6ad467fb42de4798eea825f3da5bf, type: 2}
    - target: {fileID: 113591715256851921, guid: 83448c7afd35fd048a79f5d650053891,
        type: 3}
      propertyPath: m_Materials.Array.data[0]
      value: 
      objectReference: {fileID: 2100000, guid: e930537181cb6db4094b1c48cbef95cc, type: 2}
    - target: {fileID: 113591715256851921, guid: 83448c7afd35fd048a79f5d650053891,
        type: 3}
      propertyPath: m_Materials.Array.data[1]
      value: 
      objectReference: {fileID: 2100000, guid: 9ca8511baf978a841bbb511fe959fb19, type: 2}
    - target: {fileID: 327064008815436722, guid: 83448c7afd35fd048a79f5d650053891,
        type: 3}
      propertyPath: m_Materials.Array.data[0]
      value: 
      objectReference: {fileID: 2100000, guid: 0eb926af9932ad245b52590856dad7a0, type: 2}
    - target: {fileID: 837620476085324768, guid: 83448c7afd35fd048a79f5d650053891,
        type: 3}
      propertyPath: m_Materials.Array.data[0]
      value: 
      objectReference: {fileID: 2100000, guid: 66ea4da8e807da04da4ec8450975b670, type: 2}
    - target: {fileID: 919132149155446097, guid: 83448c7afd35fd048a79f5d650053891,
        type: 3}
      propertyPath: m_Name
      value: LAB
      objectReference: {fileID: 0}
    - target: {fileID: 1218275979237383209, guid: 83448c7afd35fd048a79f5d650053891,
        type: 3}
      propertyPath: m_Materials.Array.data[0]
      value: 
      objectReference: {fileID: 2100000, guid: acc3b4b73b1ed54469418d5c7360ef0d, type: 2}
    - target: {fileID: 1333782093336412340, guid: 83448c7afd35fd048a79f5d650053891,
        type: 3}
      propertyPath: m_Materials.Array.data[0]
      value: 
      objectReference: {fileID: 2100000, guid: 66ea4da8e807da04da4ec8450975b670, type: 2}
    - target: {fileID: 1481855773294827261, guid: 83448c7afd35fd048a79f5d650053891,
        type: 3}
      propertyPath: m_Materials.Array.data[0]
      value: 
      objectReference: {fileID: 2100000, guid: 66ea4da8e807da04da4ec8450975b670, type: 2}
    - target: {fileID: 1481855773294827261, guid: 83448c7afd35fd048a79f5d650053891,
        type: 3}
      propertyPath: m_Materials.Array.data[1]
      value: 
      objectReference: {fileID: 2100000, guid: 70e6ad467fb42de4798eea825f3da5bf, type: 2}
    - target: {fileID: 1512191506632812556, guid: 83448c7afd35fd048a79f5d650053891,
        type: 3}
      propertyPath: m_Materials.Array.data[0]
      value: 
      objectReference: {fileID: 2100000, guid: c35aa49dfdd737d4db816449a23ac6ce, type: 2}
    - target: {fileID: 1548141156318327844, guid: 83448c7afd35fd048a79f5d650053891,
        type: 3}
      propertyPath: m_Materials.Array.data[0]
      value: 
      objectReference: {fileID: 2100000, guid: 581e0b3c19ce6814da1b6e27779729d2, type: 2}
    - target: {fileID: 1548141156318327844, guid: 83448c7afd35fd048a79f5d650053891,
        type: 3}
      propertyPath: m_Materials.Array.data[1]
      value: 
      objectReference: {fileID: 2100000, guid: 66ea4da8e807da04da4ec8450975b670, type: 2}
    - target: {fileID: 1548141156318327844, guid: 83448c7afd35fd048a79f5d650053891,
        type: 3}
      propertyPath: m_Materials.Array.data[2]
      value: 
      objectReference: {fileID: 2100000, guid: acc3b4b73b1ed54469418d5c7360ef0d, type: 2}
    - target: {fileID: 1548141156318327844, guid: 83448c7afd35fd048a79f5d650053891,
        type: 3}
      propertyPath: m_Materials.Array.data[3]
      value: 
      objectReference: {fileID: 2100000, guid: 66ea4da8e807da04da4ec8450975b670, type: 2}
    - target: {fileID: 2355982399387309400, guid: 83448c7afd35fd048a79f5d650053891,
        type: 3}
      propertyPath: m_Materials.Array.data[0]
      value: 
      objectReference: {fileID: 2100000, guid: 81cc7a76b9077744f9f3c1b951231d19, type: 2}
    - target: {fileID: 2583570586156409072, guid: 83448c7afd35fd048a79f5d650053891,
        type: 3}
      propertyPath: m_Materials.Array.data[0]
      value: 
      objectReference: {fileID: 2100000, guid: 70e6ad467fb42de4798eea825f3da5bf, type: 2}
    - target: {fileID: 2593149926157836728, guid: 83448c7afd35fd048a79f5d650053891,
        type: 3}
      propertyPath: m_Materials.Array.data[0]
      value: 
      objectReference: {fileID: 2100000, guid: d06d3336168d26442972f8f357834a4b, type: 2}
    - target: {fileID: 2593149926157836728, guid: 83448c7afd35fd048a79f5d650053891,
        type: 3}
      propertyPath: m_Materials.Array.data[1]
      value: 
      objectReference: {fileID: 2100000, guid: 581e0b3c19ce6814da1b6e27779729d2, type: 2}
    - target: {fileID: 2593149926157836728, guid: 83448c7afd35fd048a79f5d650053891,
        type: 3}
      propertyPath: m_Materials.Array.data[2]
      value: 
      objectReference: {fileID: 2100000, guid: 66ea4da8e807da04da4ec8450975b670, type: 2}
    - target: {fileID: 2593149926157836728, guid: 83448c7afd35fd048a79f5d650053891,
        type: 3}
      propertyPath: m_Materials.Array.data[3]
      value: 
      objectReference: {fileID: 2100000, guid: 72b69fceb9180894b91a211da3a0b85b, type: 2}
    - target: {fileID: 2927593092117553206, guid: 83448c7afd35fd048a79f5d650053891,
        type: 3}
      propertyPath: m_Materials.Array.data[0]
      value: 
      objectReference: {fileID: 2100000, guid: c35aa49dfdd737d4db816449a23ac6ce, type: 2}
    - target: {fileID: 2941150014578670873, guid: 83448c7afd35fd048a79f5d650053891,
        type: 3}
      propertyPath: m_Materials.Array.data[0]
      value: 
      objectReference: {fileID: 2100000, guid: 0ccc27bf372e4804290f724392d78c66, type: 2}
    - target: {fileID: 3227010633419090531, guid: 83448c7afd35fd048a79f5d650053891,
        type: 3}
      propertyPath: m_Materials.Array.data[0]
      value: 
      objectReference: {fileID: 2100000, guid: 581e0b3c19ce6814da1b6e27779729d2, type: 2}
    - target: {fileID: 3227010633419090531, guid: 83448c7afd35fd048a79f5d650053891,
        type: 3}
      propertyPath: m_Materials.Array.data[1]
      value: 
      objectReference: {fileID: 2100000, guid: 66ea4da8e807da04da4ec8450975b670, type: 2}
    - target: {fileID: 3227010633419090531, guid: 83448c7afd35fd048a79f5d650053891,
        type: 3}
      propertyPath: m_Materials.Array.data[2]
      value: 
      objectReference: {fileID: 2100000, guid: acc3b4b73b1ed54469418d5c7360ef0d, type: 2}
    - target: {fileID: 3227010633419090531, guid: 83448c7afd35fd048a79f5d650053891,
        type: 3}
      propertyPath: m_Materials.Array.data[3]
      value: 
      objectReference: {fileID: 2100000, guid: 66ea4da8e807da04da4ec8450975b670, type: 2}
    - target: {fileID: 3987363464968233088, guid: 83448c7afd35fd048a79f5d650053891,
        type: 3}
      propertyPath: m_Materials.Array.data[0]
      value: 
      objectReference: {fileID: 2100000, guid: 56cc9d6f29e074a4fa1125d98a374739, type: 2}
    - target: {fileID: 4005567319706895752, guid: 83448c7afd35fd048a79f5d650053891,
        type: 3}
      propertyPath: m_Materials.Array.data[0]
      value: 
      objectReference: {fileID: 2100000, guid: 8123f489f4289da409d5d2ac4d6ff69d, type: 2}
    - target: {fileID: 4005567319706895752, guid: 83448c7afd35fd048a79f5d650053891,
        type: 3}
      propertyPath: m_Materials.Array.data[1]
      value: 
      objectReference: {fileID: 2100000, guid: 0eb926af9932ad245b52590856dad7a0, type: 2}
    - target: {fileID: 4421204371979288718, guid: 83448c7afd35fd048a79f5d650053891,
        type: 3}
      propertyPath: m_Materials.Array.data[0]
      value: 
      objectReference: {fileID: 2100000, guid: 83eea05e845257749b726b9b68647cba, type: 2}
    - target: {fileID: 4728949503932034403, guid: 83448c7afd35fd048a79f5d650053891,
        type: 3}
      propertyPath: m_Materials.Array.data[0]
      value: 
      objectReference: {fileID: 2100000, guid: acc3b4b73b1ed54469418d5c7360ef0d, type: 2}
    - target: {fileID: 4810777576334058419, guid: 83448c7afd35fd048a79f5d650053891,
        type: 3}
      propertyPath: m_Materials.Array.data[0]
      value: 
      objectReference: {fileID: 2100000, guid: acc3b4b73b1ed54469418d5c7360ef0d, type: 2}
    - target: {fileID: 6023554130144456103, guid: 83448c7afd35fd048a79f5d650053891,
        type: 3}
      propertyPath: m_Materials.Array.data[0]
      value: 
      objectReference: {fileID: 2100000, guid: acc3b4b73b1ed54469418d5c7360ef0d, type: 2}
    - target: {fileID: 6289776048922875581, guid: 83448c7afd35fd048a79f5d650053891,
        type: 3}
      propertyPath: m_Materials.Array.data[0]
      value: 
      objectReference: {fileID: 2100000, guid: 2383dca59aff1d44fbed73da73e35563, type: 2}
    - target: {fileID: 6745302439343835087, guid: 83448c7afd35fd048a79f5d650053891,
        type: 3}
      propertyPath: m_Materials.Array.data[0]
      value: 
      objectReference: {fileID: 2100000, guid: 8123f489f4289da409d5d2ac4d6ff69d, type: 2}
    - target: {fileID: 6809297083337829225, guid: 83448c7afd35fd048a79f5d650053891,
        type: 3}
      propertyPath: m_Materials.Array.data[0]
      value: 
      objectReference: {fileID: 2100000, guid: 66ea4da8e807da04da4ec8450975b670, type: 2}
    - target: {fileID: 6809297083337829225, guid: 83448c7afd35fd048a79f5d650053891,
        type: 3}
      propertyPath: m_Materials.Array.data[1]
      value: 
      objectReference: {fileID: 2100000, guid: 70e6ad467fb42de4798eea825f3da5bf, type: 2}
    - target: {fileID: 6809297083337829225, guid: 83448c7afd35fd048a79f5d650053891,
        type: 3}
      propertyPath: m_Materials.Array.data[2]
      value: 
      objectReference: {fileID: 2100000, guid: 9e424b686344bec4d9d8d5e75af2c591, type: 2}
    - target: {fileID: 7285150565052127044, guid: 83448c7afd35fd048a79f5d650053891,
        type: 3}
      propertyPath: m_Materials.Array.data[0]
      value: 
      objectReference: {fileID: 2100000, guid: 9ca8511baf978a841bbb511fe959fb19, type: 2}
    - target: {fileID: 7285150565052127044, guid: 83448c7afd35fd048a79f5d650053891,
        type: 3}
      propertyPath: m_Materials.Array.data[1]
      value: 
      objectReference: {fileID: 2100000, guid: 70e6ad467fb42de4798eea825f3da5bf, type: 2}
    - target: {fileID: 7285150565052127044, guid: 83448c7afd35fd048a79f5d650053891,
        type: 3}
      propertyPath: m_Materials.Array.data[2]
      value: 
      objectReference: {fileID: 2100000, guid: 70f3a9f3b2ab0d74fb07fd33fa4d18a0, type: 2}
    - target: {fileID: 7339631669905999002, guid: 83448c7afd35fd048a79f5d650053891,
        type: 3}
      propertyPath: m_Materials.Array.data[0]
      value: 
      objectReference: {fileID: 2100000, guid: 281b4f8fbfb60fa4da3ec015f0ac3f1e, type: 2}
    - target: {fileID: 7339631669905999002, guid: 83448c7afd35fd048a79f5d650053891,
        type: 3}
      propertyPath: m_Materials.Array.data[1]
      value: 
      objectReference: {fileID: 2100000, guid: 581e0b3c19ce6814da1b6e27779729d2, type: 2}
    - target: {fileID: 7339631669905999002, guid: 83448c7afd35fd048a79f5d650053891,
        type: 3}
      propertyPath: m_Materials.Array.data[2]
      value: 
      objectReference: {fileID: 2100000, guid: 66ea4da8e807da04da4ec8450975b670, type: 2}
    - target: {fileID: 7642608302139133920, guid: 83448c7afd35fd048a79f5d650053891,
        type: 3}
      propertyPath: m_Materials.Array.data[0]
      value: 
      objectReference: {fileID: 2100000, guid: d06d3336168d26442972f8f357834a4b, type: 2}
    - target: {fileID: 7642608302139133920, guid: 83448c7afd35fd048a79f5d650053891,
        type: 3}
      propertyPath: m_Materials.Array.data[1]
      value: 
      objectReference: {fileID: 2100000, guid: 66ea4da8e807da04da4ec8450975b670, type: 2}
    - target: {fileID: 7642608302139133920, guid: 83448c7afd35fd048a79f5d650053891,
        type: 3}
      propertyPath: m_Materials.Array.data[2]
      value: 
      objectReference: {fileID: 2100000, guid: 72b69fceb9180894b91a211da3a0b85b, type: 2}
    - target: {fileID: 8283584644927391743, guid: 83448c7afd35fd048a79f5d650053891,
        type: 3}
      propertyPath: m_Materials.Array.data[0]
      value: 
      objectReference: {fileID: 2100000, guid: 70e6ad467fb42de4798eea825f3da5bf, type: 2}
    - target: {fileID: 8283584644927391743, guid: 83448c7afd35fd048a79f5d650053891,
        type: 3}
      propertyPath: m_Materials.Array.data[1]
      value: 
      objectReference: {fileID: 2100000, guid: 72b69fceb9180894b91a211da3a0b85b, type: 2}
    - target: {fileID: 8417552122456993804, guid: 83448c7afd35fd048a79f5d650053891,
        type: 3}
      propertyPath: m_Materials.Array.data[0]
      value: 
      objectReference: {fileID: 2100000, guid: a83759692a2958242814c212897e1673, type: 2}
    - target: {fileID: 8567717000986892130, guid: 83448c7afd35fd048a79f5d650053891,
        type: 3}
      propertyPath: m_Materials.Array.data[0]
      value: 
      objectReference: {fileID: 2100000, guid: 8123f489f4289da409d5d2ac4d6ff69d, type: 2}
    - target: {fileID: 9008445970671986120, guid: 83448c7afd35fd048a79f5d650053891,
        type: 3}
      propertyPath: m_Materials.Array.data[0]
      value: 
      objectReference: {fileID: 2100000, guid: 66ea4da8e807da04da4ec8450975b670, type: 2}
    - target: {fileID: 9201196466446348581, guid: 83448c7afd35fd048a79f5d650053891,
        type: 3}
      propertyPath: m_Materials.Array.data[0]
      value: 
      objectReference: {fileID: 2100000, guid: d06d3336168d26442972f8f357834a4b, type: 2}
    - target: {fileID: 9201196466446348581, guid: 83448c7afd35fd048a79f5d650053891,
        type: 3}
      propertyPath: m_Materials.Array.data[1]
      value: 
      objectReference: {fileID: 2100000, guid: 70e6ad467fb42de4798eea825f3da5bf, type: 2}
    - target: {fileID: 9210169669616415739, guid: 83448c7afd35fd048a79f5d650053891,
        type: 3}
      propertyPath: m_Materials.Array.data[0]
      value: 
      objectReference: {fileID: 2100000, guid: 66ea4da8e807da04da4ec8450975b670, type: 2}
    - target: {fileID: 9210169669616415739, guid: 83448c7afd35fd048a79f5d650053891,
        type: 3}
      propertyPath: m_Materials.Array.data[1]
      value: 
      objectReference: {fileID: 2100000, guid: 70e6ad467fb42de4798eea825f3da5bf, type: 2}
    m_RemovedComponents: []
  m_SourcePrefab: {fileID: 100100000, guid: 83448c7afd35fd048a79f5d650053891, type: 3}
--- !u!4 &1178231624982593786 stripped
Transform:
  m_CorrespondingSourceObject: {fileID: -8679921383154817045, guid: 83448c7afd35fd048a79f5d650053891,
    type: 3}
  m_PrefabInstance: {fileID: 1716806141167888145}
  m_PrefabAsset: {fileID: 0}
