%YAML 1.1
%TAG !u! tag:unity3d.com,2011:
--- !u!29 &1
OcclusionCullingSettings:
  m_ObjectHideFlags: 0
  serializedVersion: 2
  m_OcclusionBakeSettings:
    smallestOccluder: 5
    smallestHole: 0.25
    backfaceThreshold: 100
  m_SceneGUID: 00000000000000000000000000000000
  m_OcclusionCullingData: {fileID: 0}
--- !u!104 &2
RenderSettings:
  m_ObjectHideFlags: 0
  serializedVersion: 9
  m_Fog: 0
  m_FogColor: {r: 0.5, g: 0.5, b: 0.5, a: 1}
  m_FogMode: 3
  m_FogDensity: 0.01
  m_LinearFogStart: 0
  m_LinearFogEnd: 300
  m_AmbientSkyColor: {r: 0.212, g: 0.227, b: 0.259, a: 1}
  m_AmbientEquatorColor: {r: 0.114, g: 0.125, b: 0.133, a: 1}
  m_AmbientGroundColor: {r: 0.047, g: 0.043, b: 0.035, a: 1}
  m_AmbientIntensity: 1
  m_AmbientMode: 0
  m_SubtractiveShadowColor: {r: 0.42, g: 0.478, b: 0.627, a: 1}
  m_SkyboxMaterial: {fileID: 10304, guid: 0000000000000000f000000000000000, type: 0}
  m_HaloStrength: 0.5
  m_FlareStrength: 1
  m_FlareFadeSpeed: 3
  m_HaloTexture: {fileID: 0}
  m_SpotCookie: {fileID: 10001, guid: 0000000000000000e000000000000000, type: 0}
  m_DefaultReflectionMode: 0
  m_DefaultReflectionResolution: 128
  m_ReflectionBounces: 1
  m_ReflectionIntensity: 1
  m_CustomReflection: {fileID: 0}
  m_Sun: {fileID: 0}
  m_IndirectSpecularColor: {r: 0.37311992, g: 0.38074034, b: 0.35872713, a: 1}
  m_UseRadianceAmbientProbe: 0
--- !u!157 &3
LightmapSettings:
  m_ObjectHideFlags: 0
  serializedVersion: 12
  m_GIWorkflowMode: 0
  m_GISettings:
    serializedVersion: 2
    m_BounceScale: 1
    m_IndirectOutputScale: 1
    m_AlbedoBoost: 1
    m_EnvironmentLightingMode: 0
    m_EnableBakedLightmaps: 1
    m_EnableRealtimeLightmaps: 0
  m_LightmapEditorSettings:
    serializedVersion: 12
    m_Resolution: 2
    m_BakeResolution: 40
    m_AtlasSize: 1024
    m_AO: 0
    m_AOMaxDistance: 1
    m_CompAOExponent: 1
    m_CompAOExponentDirect: 0
    m_ExtractAmbientOcclusion: 0
    m_Padding: 2
    m_LightmapParameters: {fileID: 0}
    m_LightmapsBakeMode: 1
    m_TextureCompression: 1
    m_FinalGather: 0
    m_FinalGatherFiltering: 1
    m_FinalGatherRayCount: 256
    m_ReflectionCompression: 2
    m_MixedBakeMode: 2
    m_BakeBackend: 1
    m_PVRSampling: 1
    m_PVRDirectSampleCount: 32
    m_PVRSampleCount: 512
    m_PVRBounces: 2
    m_PVREnvironmentSampleCount: 256
    m_PVREnvironmentReferencePointCount: 2048
    m_PVRFilteringMode: 1
    m_PVRDenoiserTypeDirect: 1
    m_PVRDenoiserTypeIndirect: 1
    m_PVRDenoiserTypeAO: 1
    m_PVRFilterTypeDirect: 0
    m_PVRFilterTypeIndirect: 0
    m_PVRFilterTypeAO: 0
    m_PVREnvironmentMIS: 1
    m_PVRCulling: 1
    m_PVRFilteringGaussRadiusDirect: 1
    m_PVRFilteringGaussRadiusIndirect: 5
    m_PVRFilteringGaussRadiusAO: 2
    m_PVRFilteringAtrousPositionSigmaDirect: 0.5
    m_PVRFilteringAtrousPositionSigmaIndirect: 2
    m_PVRFilteringAtrousPositionSigmaAO: 1
    m_ExportTrainingData: 0
    m_TrainingDataDestination: TrainingData
    m_LightProbeSampleCountMultiplier: 4
  m_LightingDataAsset: {fileID: 0}
  m_LightingSettings: {fileID: 4890085278179872738, guid: 3020ca511a48cad4c9f843482887600c,
    type: 2}
--- !u!196 &4
NavMeshSettings:
  serializedVersion: 2
  m_ObjectHideFlags: 0
  m_BuildSettings:
    serializedVersion: 2
    agentTypeID: 0
    agentRadius: 0.5
    agentHeight: 2
    agentSlope: 45
    agentClimb: 0.4
    ledgeDropHeight: 0
    maxJumpAcrossDistance: 0
    minRegionArea: 2
    manualCellSize: 0
    cellSize: 0.16666667
    manualTileSize: 0
    tileSize: 256
    accuratePlacement: 0
    maxJobWorkers: 0
    preserveTilesOutsideBounds: 0
    debug:
      m_Flags: 0
  m_NavMeshData: {fileID: 0}
--- !u!95 &130375069 stripped
Animator:
  m_CorrespondingSourceObject: {fileID: 5766809870048468487, guid: 08b276a169fbaea45be855dd41f712aa,
    type: 3}
  m_PrefabInstance: {fileID: 1670802149}
  m_PrefabAsset: {fileID: 0}
--- !u!1 &391887120
GameObject:
  m_ObjectHideFlags: 0
  m_CorrespondingSourceObject: {fileID: 0}
  m_PrefabInstance: {fileID: 0}
  m_PrefabAsset: {fileID: 0}
  serializedVersion: 6
  m_Component:
  - component: {fileID: 391887124}
  - component: {fileID: 391887123}
  - component: {fileID: 391887122}
  - component: {fileID: 391887121}
  m_Layer: 5
  m_Name: kembali
  m_TagString: Untagged
  m_Icon: {fileID: 0}
  m_NavMeshLayer: 0
  m_StaticEditorFlags: 0
  m_IsActive: 1
--- !u!114 &391887121
MonoBehaviour:
  m_ObjectHideFlags: 0
  m_CorrespondingSourceObject: {fileID: 0}
  m_PrefabInstance: {fileID: 0}
  m_PrefabAsset: {fileID: 0}
  m_GameObject: {fileID: 391887120}
  m_Enabled: 1
  m_EditorHideFlags: 0
  m_Script: {fileID: 11500000, guid: dc42784cf147c0c48a680349fa168899, type: 3}
  m_Name: 
  m_EditorClassIdentifier: 
  m_IgnoreReversedGraphics: 1
  m_BlockingObjects: 0
  m_BlockingMask:
    serializedVersion: 2
    m_Bits: 4294967295
--- !u!114 &391887122
MonoBehaviour:
  m_ObjectHideFlags: 0
  m_CorrespondingSourceObject: {fileID: 0}
  m_PrefabInstance: {fileID: 0}
  m_PrefabAsset: {fileID: 0}
  m_GameObject: {fileID: 391887120}
  m_Enabled: 1
  m_EditorHideFlags: 0
  m_Script: {fileID: 11500000, guid: 0cd44c1031e13a943bb63640046fad76, type: 3}
  m_Name: 
  m_EditorClassIdentifier: 
  m_UiScaleMode: 1
  m_ReferencePixelsPerUnit: 100
  m_ScaleFactor: 1
  m_ReferenceResolution: {x: 2560, y: 1440}
  m_ScreenMatchMode: 0
  m_MatchWidthOrHeight: 0
  m_PhysicalUnit: 3
  m_FallbackScreenDPI: 96
  m_DefaultSpriteDPI: 96
  m_DynamicPixelsPerUnit: 1
  m_PresetInfoIsWorld: 0
--- !u!223 &391887123
Canvas:
  m_ObjectHideFlags: 0
  m_CorrespondingSourceObject: {fileID: 0}
  m_PrefabInstance: {fileID: 0}
  m_PrefabAsset: {fileID: 0}
  m_GameObject: {fileID: 391887120}
  m_Enabled: 1
  serializedVersion: 3
  m_RenderMode: 0
  m_Camera: {fileID: 0}
  m_PlaneDistance: 100
  m_PixelPerfect: 0
  m_ReceivesEvents: 1
  m_OverrideSorting: 0
  m_OverridePixelPerfect: 0
  m_SortingBucketNormalizedSize: 0
  m_AdditionalShaderChannelsFlag: 0
  m_SortingLayerID: 0
  m_SortingOrder: 1
  m_TargetDisplay: 0
--- !u!224 &391887124
RectTransform:
  m_ObjectHideFlags: 0
  m_CorrespondingSourceObject: {fileID: 0}
  m_PrefabInstance: {fileID: 0}
  m_PrefabAsset: {fileID: 0}
  m_GameObject: {fileID: 391887120}
  m_LocalRotation: {x: 0, y: 0, z: 0, w: 1}
  m_LocalPosition: {x: 0, y: 0, z: 0}
  m_LocalScale: {x: 0, y: 0, z: 0}
  m_Children:
  - {fileID: 1670802150}
  - {fileID: 779524095}
  m_Father: {fileID: 0}
  m_RootOrder: 4
  m_LocalEulerAnglesHint: {x: 0, y: 0, z: 0}
  m_AnchorMin: {x: 0, y: 0}
  m_AnchorMax: {x: 0, y: 0}
  m_AnchoredPosition: {x: 0, y: 0}
  m_SizeDelta: {x: 0, y: 0}
  m_Pivot: {x: 0, y: 0}
--- !u!1 &558956769
GameObject:
  m_ObjectHideFlags: 0
  m_CorrespondingSourceObject: {fileID: 0}
  m_PrefabInstance: {fileID: 0}
  m_PrefabAsset: {fileID: 0}
  serializedVersion: 6
  m_Component:
  - component: {fileID: 558956773}
  - component: {fileID: 558956772}
  - component: {fileID: 558956771}
  - component: {fileID: 558956770}
  m_Layer: 5
  m_Name: Materi (1)
  m_TagString: Untagged
  m_Icon: {fileID: 0}
  m_NavMeshLayer: 0
  m_StaticEditorFlags: 0
  m_IsActive: 1
--- !u!114 &558956770
MonoBehaviour:
  m_ObjectHideFlags: 0
  m_CorrespondingSourceObject: {fileID: 0}
  m_PrefabInstance: {fileID: 0}
  m_PrefabAsset: {fileID: 0}
  m_GameObject: {fileID: 558956769}
  m_Enabled: 1
  m_EditorHideFlags: 0
  m_Script: {fileID: 11500000, guid: dc42784cf147c0c48a680349fa168899, type: 3}
  m_Name: 
  m_EditorClassIdentifier: 
  m_IgnoreReversedGraphics: 1
  m_BlockingObjects: 0
  m_BlockingMask:
    serializedVersion: 2
    m_Bits: 4294967295
--- !u!114 &558956771
MonoBehaviour:
  m_ObjectHideFlags: 0
  m_CorrespondingSourceObject: {fileID: 0}
  m_PrefabInstance: {fileID: 0}
  m_PrefabAsset: {fileID: 0}
  m_GameObject: {fileID: 558956769}
  m_Enabled: 1
  m_EditorHideFlags: 0
  m_Script: {fileID: 11500000, guid: 0cd44c1031e13a943bb63640046fad76, type: 3}
  m_Name: 
  m_EditorClassIdentifier: 
  m_UiScaleMode: 1
  m_ReferencePixelsPerUnit: 100
  m_ScaleFactor: 1
  m_ReferenceResolution: {x: 2560, y: 1440}
  m_ScreenMatchMode: 0
  m_MatchWidthOrHeight: 0
  m_PhysicalUnit: 3
  m_FallbackScreenDPI: 96
  m_DefaultSpriteDPI: 96
  m_DynamicPixelsPerUnit: 1
  m_PresetInfoIsWorld: 0
--- !u!223 &558956772
Canvas:
  m_ObjectHideFlags: 0
  m_CorrespondingSourceObject: {fileID: 0}
  m_PrefabInstance: {fileID: 0}
  m_PrefabAsset: {fileID: 0}
  m_GameObject: {fileID: 558956769}
  m_Enabled: 1
  serializedVersion: 3
  m_RenderMode: 0
  m_Camera: {fileID: 0}
  m_PlaneDistance: 100
  m_PixelPerfect: 0
  m_ReceivesEvents: 1
  m_OverrideSorting: 0
  m_OverridePixelPerfect: 0
  m_SortingBucketNormalizedSize: 0
  m_AdditionalShaderChannelsFlag: 0
  m_SortingLayerID: 0
  m_SortingOrder: 0
  m_TargetDisplay: 0
--- !u!224 &558956773
RectTransform:
  m_ObjectHideFlags: 0
  m_CorrespondingSourceObject: {fileID: 0}
  m_PrefabInstance: {fileID: 0}
  m_PrefabAsset: {fileID: 0}
  m_GameObject: {fileID: 558956769}
  m_LocalRotation: {x: 0, y: 0, z: 0, w: 1}
  m_LocalPosition: {x: 0, y: 0, z: 0}
  m_LocalScale: {x: 0, y: 0, z: 0}
  m_Children:
  - {fileID: 2016247559}
  - {fileID: 1718691999}
  - {fileID: 814087890}
  - {fileID: 1088145898}
  - {fileID: 826895935}
  m_Father: {fileID: 0}
  m_RootOrder: 0
  m_LocalEulerAnglesHint: {x: 0, y: 0, z: 0}
  m_AnchorMin: {x: 0, y: 0}
  m_AnchorMax: {x: 0, y: 0}
  m_AnchoredPosition: {x: 0, y: 0}
  m_SizeDelta: {x: 0, y: 0}
  m_Pivot: {x: 0, y: 0}
--- !u!1001 &779524093
PrefabInstance:
  m_ObjectHideFlags: 0
  serializedVersion: 2
  m_Modification:
    m_TransformParent: {fileID: 391887124}
    m_Modifications:
    - target: {fileID: 1786324570507506577, guid: d3abb623082f43f4bbb0c9b5f0ee3a3c,
        type: 3}
      propertyPath: m_Name
      value: tombol_Sesuaikan
      objectReference: {fileID: 0}
    - target: {fileID: 1786324570507506577, guid: d3abb623082f43f4bbb0c9b5f0ee3a3c,
        type: 3}
      propertyPath: m_IsActive
      value: 0
      objectReference: {fileID: 0}
    - target: {fileID: 1786324570507506578, guid: d3abb623082f43f4bbb0c9b5f0ee3a3c,
        type: 3}
      propertyPath: m_Pivot.x
      value: 0.5
      objectReference: {fileID: 0}
    - target: {fileID: 1786324570507506578, guid: d3abb623082f43f4bbb0c9b5f0ee3a3c,
        type: 3}
      propertyPath: m_Pivot.y
      value: 0.5
      objectReference: {fileID: 0}
    - target: {fileID: 1786324570507506578, guid: d3abb623082f43f4bbb0c9b5f0ee3a3c,
        type: 3}
      propertyPath: m_RootOrder
      value: 1
      objectReference: {fileID: 0}
    - target: {fileID: 1786324570507506578, guid: d3abb623082f43f4bbb0c9b5f0ee3a3c,
        type: 3}
      propertyPath: m_AnchorMax.x
      value: 0.9832187
      objectReference: {fileID: 0}
    - target: {fileID: 1786324570507506578, guid: d3abb623082f43f4bbb0c9b5f0ee3a3c,
        type: 3}
      propertyPath: m_AnchorMax.y
      value: 0.1627778
      objectReference: {fileID: 0}
    - target: {fileID: 1786324570507506578, guid: d3abb623082f43f4bbb0c9b5f0ee3a3c,
        type: 3}
      propertyPath: m_AnchorMin.x
      value: 0.739
      objectReference: {fileID: 0}
    - target: {fileID: 1786324570507506578, guid: d3abb623082f43f4bbb0c9b5f0ee3a3c,
        type: 3}
      propertyPath: m_AnchorMin.y
      value: 0.027166668
      objectReference: {fileID: 0}
    - target: {fileID: 1786324570507506578, guid: d3abb623082f43f4bbb0c9b5f0ee3a3c,
        type: 3}
      propertyPath: m_SizeDelta.x
      value: -16
      objectReference: {fileID: 0}
    - target: {fileID: 1786324570507506578, guid: d3abb623082f43f4bbb0c9b5f0ee3a3c,
        type: 3}
      propertyPath: m_SizeDelta.y
      value: -10
      objectReference: {fileID: 0}
    - target: {fileID: 1786324570507506578, guid: d3abb623082f43f4bbb0c9b5f0ee3a3c,
        type: 3}
      propertyPath: m_LocalPosition.x
      value: 0
      objectReference: {fileID: 0}
    - target: {fileID: 1786324570507506578, guid: d3abb623082f43f4bbb0c9b5f0ee3a3c,
        type: 3}
      propertyPath: m_LocalPosition.y
      value: 0
      objectReference: {fileID: 0}
    - target: {fileID: 1786324570507506578, guid: d3abb623082f43f4bbb0c9b5f0ee3a3c,
        type: 3}
      propertyPath: m_LocalPosition.z
      value: 0
      objectReference: {fileID: 0}
    - target: {fileID: 1786324570507506578, guid: d3abb623082f43f4bbb0c9b5f0ee3a3c,
        type: 3}
      propertyPath: m_LocalRotation.w
      value: 1
      objectReference: {fileID: 0}
    - target: {fileID: 1786324570507506578, guid: d3abb623082f43f4bbb0c9b5f0ee3a3c,
        type: 3}
      propertyPath: m_LocalRotation.x
      value: 0
      objectReference: {fileID: 0}
    - target: {fileID: 1786324570507506578, guid: d3abb623082f43f4bbb0c9b5f0ee3a3c,
        type: 3}
      propertyPath: m_LocalRotation.y
      value: 0
      objectReference: {fileID: 0}
    - target: {fileID: 1786324570507506578, guid: d3abb623082f43f4bbb0c9b5f0ee3a3c,
        type: 3}
      propertyPath: m_LocalRotation.z
      value: 0
      objectReference: {fileID: 0}
    - target: {fileID: 1786324570507506578, guid: d3abb623082f43f4bbb0c9b5f0ee3a3c,
        type: 3}
      propertyPath: m_AnchoredPosition.x
      value: 4
      objectReference: {fileID: 0}
    - target: {fileID: 1786324570507506578, guid: d3abb623082f43f4bbb0c9b5f0ee3a3c,
        type: 3}
      propertyPath: m_AnchoredPosition.y
      value: -7.5
      objectReference: {fileID: 0}
    - target: {fileID: 1786324570507506578, guid: d3abb623082f43f4bbb0c9b5f0ee3a3c,
        type: 3}
      propertyPath: m_LocalEulerAnglesHint.x
      value: 0
      objectReference: {fileID: 0}
    - target: {fileID: 1786324570507506578, guid: d3abb623082f43f4bbb0c9b5f0ee3a3c,
        type: 3}
      propertyPath: m_LocalEulerAnglesHint.y
      value: 0
      objectReference: {fileID: 0}
    - target: {fileID: 1786324570507506578, guid: d3abb623082f43f4bbb0c9b5f0ee3a3c,
        type: 3}
      propertyPath: m_LocalEulerAnglesHint.z
      value: 0
      objectReference: {fileID: 0}
    - target: {fileID: 1786324570507506579, guid: d3abb623082f43f4bbb0c9b5f0ee3a3c,
        type: 3}
      propertyPath: m_OnClick.m_PersistentCalls.m_Calls.Array.data[0].m_Target
      value: 
      objectReference: {fileID: 1955258757}
    - target: {fileID: 1786324570507506579, guid: d3abb623082f43f4bbb0c9b5f0ee3a3c,
        type: 3}
      propertyPath: m_OnClick.m_PersistentCalls.m_Calls.Array.data[0].m_MethodName
      value: TogglePlaneDetectionAndVisibility
      objectReference: {fileID: 0}
    - target: {fileID: 1786324572175374279, guid: d3abb623082f43f4bbb0c9b5f0ee3a3c,
        type: 3}
      propertyPath: m_Name
      value: Text_TombolSesuaikan
      objectReference: {fileID: 0}
    m_RemovedComponents: []
  m_SourcePrefab: {fileID: 100100000, guid: d3abb623082f43f4bbb0c9b5f0ee3a3c, type: 3}
--- !u!114 &779524094 stripped
MonoBehaviour:
  m_CorrespondingSourceObject: {fileID: 1786324572175374273, guid: d3abb623082f43f4bbb0c9b5f0ee3a3c,
    type: 3}
  m_PrefabInstance: {fileID: 779524093}
  m_PrefabAsset: {fileID: 0}
  m_GameObject: {fileID: 0}
  m_Enabled: 1
  m_EditorHideFlags: 0
  m_Script: {fileID: 11500000, guid: 5f7201a12d95ffc409449d95f23cf332, type: 3}
  m_Name: 
  m_EditorClassIdentifier: 
--- !u!224 &779524095 stripped
RectTransform:
  m_CorrespondingSourceObject: {fileID: 1786324570507506578, guid: d3abb623082f43f4bbb0c9b5f0ee3a3c,
    type: 3}
  m_PrefabInstance: {fileID: 779524093}
  m_PrefabAsset: {fileID: 0}
--- !u!1001 &814087889
PrefabInstance:
  m_ObjectHideFlags: 0
  serializedVersion: 2
  m_Modification:
    m_TransformParent: {fileID: 558956773}
    m_Modifications:
    - target: {fileID: 7366904170274603398, guid: 63df3749724346b4794a0f0a85e7daf8,
        type: 3}
      propertyPath: m_Text
      value: carilah alat k3 dibidang konstruksi secara urut. perhatikan instruksi
        untuk membantumu mencari alat k3. setelah kamu menemukannya ketuk alat k3
        untuk memakainya
      objectReference: {fileID: 0}
    - target: {fileID: 7366904170470457524, guid: 63df3749724346b4794a0f0a85e7daf8,
        type: 3}
      propertyPath: m_Sprite
      value: 
      objectReference: {fileID: 3790808093430983614, guid: 463be5142220fb44888233ee1e2825c2,
        type: 3}
    - target: {fileID: 7366904170470457525, guid: 63df3749724346b4794a0f0a85e7daf8,
        type: 3}
      propertyPath: m_SizeDelta.x
      value: 1299
      objectReference: {fileID: 0}
    - target: {fileID: 7366904170470457525, guid: 63df3749724346b4794a0f0a85e7daf8,
        type: 3}
      propertyPath: m_SizeDelta.y
      value: 963
      objectReference: {fileID: 0}
    - target: {fileID: 7366904170470457525, guid: 63df3749724346b4794a0f0a85e7daf8,
        type: 3}
      propertyPath: m_LocalScale.x
      value: -0.8495595
      objectReference: {fileID: 0}
    - target: {fileID: 7366904170470457525, guid: 63df3749724346b4794a0f0a85e7daf8,
        type: 3}
      propertyPath: m_AnchoredPosition.x
      value: -87.5918
      objectReference: {fileID: 0}
    - target: {fileID: 7366904170470457525, guid: 63df3749724346b4794a0f0a85e7daf8,
        type: 3}
      propertyPath: m_AnchoredPosition.y
      value: 410.00006
      objectReference: {fileID: 0}
    - target: {fileID: 7366904170906291222, guid: 63df3749724346b4794a0f0a85e7daf8,
        type: 3}
      propertyPath: m_Pivot.x
      value: 0.5
      objectReference: {fileID: 0}
    - target: {fileID: 7366904170906291222, guid: 63df3749724346b4794a0f0a85e7daf8,
        type: 3}
      propertyPath: m_Pivot.y
      value: 0.5
      objectReference: {fileID: 0}
    - target: {fileID: 7366904170906291222, guid: 63df3749724346b4794a0f0a85e7daf8,
        type: 3}
      propertyPath: m_RootOrder
      value: 2
      objectReference: {fileID: 0}
    - target: {fileID: 7366904170906291222, guid: 63df3749724346b4794a0f0a85e7daf8,
        type: 3}
      propertyPath: m_AnchorMax.x
      value: 0.99000007
      objectReference: {fileID: 0}
    - target: {fileID: 7366904170906291222, guid: 63df3749724346b4794a0f0a85e7daf8,
        type: 3}
      propertyPath: m_AnchorMax.y
      value: 0.45775005
      objectReference: {fileID: 0}
    - target: {fileID: 7366904170906291222, guid: 63df3749724346b4794a0f0a85e7daf8,
        type: 3}
      propertyPath: m_AnchorMin.x
      value: 0.00975
      objectReference: {fileID: 0}
    - target: {fileID: 7366904170906291222, guid: 63df3749724346b4794a0f0a85e7daf8,
        type: 3}
      propertyPath: m_AnchorMin.y
      value: 0.021527778
      objectReference: {fileID: 0}
    - target: {fileID: 7366904170906291222, guid: 63df3749724346b4794a0f0a85e7daf8,
        type: 3}
      propertyPath: m_SizeDelta.x
      value: 1812.1304
      objectReference: {fileID: 0}
    - target: {fileID: 7366904170906291222, guid: 63df3749724346b4794a0f0a85e7daf8,
        type: 3}
      propertyPath: m_SizeDelta.y
      value: 464
      objectReference: {fileID: 0}
    - target: {fileID: 7366904170906291222, guid: 63df3749724346b4794a0f0a85e7daf8,
        type: 3}
      propertyPath: m_LocalPosition.x
      value: 0
      objectReference: {fileID: 0}
    - target: {fileID: 7366904170906291222, guid: 63df3749724346b4794a0f0a85e7daf8,
        type: 3}
      propertyPath: m_LocalPosition.y
      value: 0
      objectReference: {fileID: 0}
    - target: {fileID: 7366904170906291222, guid: 63df3749724346b4794a0f0a85e7daf8,
        type: 3}
      propertyPath: m_LocalPosition.z
      value: 0
      objectReference: {fileID: 0}
    - target: {fileID: 7366904170906291222, guid: 63df3749724346b4794a0f0a85e7daf8,
        type: 3}
      propertyPath: m_LocalRotation.w
      value: 1
      objectReference: {fileID: 0}
    - target: {fileID: 7366904170906291222, guid: 63df3749724346b4794a0f0a85e7daf8,
        type: 3}
      propertyPath: m_LocalRotation.x
      value: 0
      objectReference: {fileID: 0}
    - target: {fileID: 7366904170906291222, guid: 63df3749724346b4794a0f0a85e7daf8,
        type: 3}
      propertyPath: m_LocalRotation.y
      value: 0
      objectReference: {fileID: 0}
    - target: {fileID: 7366904170906291222, guid: 63df3749724346b4794a0f0a85e7daf8,
        type: 3}
      propertyPath: m_LocalRotation.z
      value: 0
      objectReference: {fileID: 0}
    - target: {fileID: 7366904170906291222, guid: 63df3749724346b4794a0f0a85e7daf8,
        type: 3}
      propertyPath: m_AnchoredPosition.x
      value: 0.5
      objectReference: {fileID: 0}
    - target: {fileID: 7366904170906291222, guid: 63df3749724346b4794a0f0a85e7daf8,
        type: 3}
      propertyPath: m_AnchoredPosition.y
      value: -1.9998779
      objectReference: {fileID: 0}
    - target: {fileID: 7366904170906291222, guid: 63df3749724346b4794a0f0a85e7daf8,
        type: 3}
      propertyPath: m_LocalEulerAnglesHint.x
      value: 0
      objectReference: {fileID: 0}
    - target: {fileID: 7366904170906291222, guid: 63df3749724346b4794a0f0a85e7daf8,
        type: 3}
      propertyPath: m_LocalEulerAnglesHint.y
      value: 0
      objectReference: {fileID: 0}
    - target: {fileID: 7366904170906291222, guid: 63df3749724346b4794a0f0a85e7daf8,
        type: 3}
      propertyPath: m_LocalEulerAnglesHint.z
      value: 0
      objectReference: {fileID: 0}
    - target: {fileID: 7366904170906291223, guid: 63df3749724346b4794a0f0a85e7daf8,
        type: 3}
      propertyPath: m_Name
      value: TextBox1-Kotu
      objectReference: {fileID: 0}
    - target: {fileID: 7366904170906291223, guid: 63df3749724346b4794a0f0a85e7daf8,
        type: 3}
      propertyPath: m_IsActive
      value: 0
      objectReference: {fileID: 0}
    - target: {fileID: 7366904171405678537, guid: 63df3749724346b4794a0f0a85e7daf8,
        type: 3}
      propertyPath: m_Sprite
      value: 
      objectReference: {fileID: 2764668512825024977, guid: a18018a0019ceed4ca304bcd0162801d,
        type: 3}
    - target: {fileID: 7366904171405678543, guid: 63df3749724346b4794a0f0a85e7daf8,
        type: 3}
      propertyPath: ActivateMenu
      value: 
      objectReference: {fileID: 1188837045}
    - target: {fileID: 7366904171405678543, guid: 63df3749724346b4794a0f0a85e7daf8,
        type: 3}
      propertyPath: NonActivateMenu
      value: 
      objectReference: {fileID: 1127305881}
    m_RemovedComponents: []
  m_SourcePrefab: {fileID: 100100000, guid: 63df3749724346b4794a0f0a85e7daf8, type: 3}
--- !u!224 &814087890 stripped
RectTransform:
  m_CorrespondingSourceObject: {fileID: 7366904170906291222, guid: 63df3749724346b4794a0f0a85e7daf8,
    type: 3}
  m_PrefabInstance: {fileID: 814087889}
  m_PrefabAsset: {fileID: 0}
--- !u!1 &826895932
GameObject:
  m_ObjectHideFlags: 0
  m_CorrespondingSourceObject: {fileID: 0}
  m_PrefabInstance: {fileID: 0}
  m_PrefabAsset: {fileID: 0}
  serializedVersion: 6
  m_Component:
  - component: {fileID: 826895935}
  - component: {fileID: 826895934}
  m_Layer: 0
  m_Name: Camera
  m_TagString: Untagged
  m_Icon: {fileID: 0}
  m_NavMeshLayer: 0
  m_StaticEditorFlags: 0
  m_IsActive: 1
--- !u!20 &826895934
Camera:
  m_ObjectHideFlags: 0
  m_CorrespondingSourceObject: {fileID: 0}
  m_PrefabInstance: {fileID: 0}
  m_PrefabAsset: {fileID: 0}
  m_GameObject: {fileID: 826895932}
  m_Enabled: 1
  serializedVersion: 2
  m_ClearFlags: 2
  m_BackGroundColor: {r: 0, g: 0, b: 0, a: 0}
  m_projectionMatrixMode: 1
  m_GateFitMode: 2
  m_FOVAxisMode: 0
  m_SensorSize: {x: 36, y: 24}
  m_LensShift: {x: 0, y: 0}
  m_FocalLength: 50
  m_NormalizedViewPortRect:
    serializedVersion: 2
    x: 0
    y: 0
    width: 1
    height: 1
  near clip plane: 0.3
  far clip plane: 1000
  field of view: 60
  orthographic: 0
  orthographic size: 5
  m_Depth: 0
  m_CullingMask:
    serializedVersion: 2
    m_Bits: 4294967295
  m_RenderingPath: -1
  m_TargetTexture: {fileID: 0}
  m_TargetDisplay: 0
  m_TargetEye: 3
  m_HDR: 1
  m_AllowMSAA: 1
  m_AllowDynamicResolution: 0
  m_ForceIntoRT: 0
  m_OcclusionCulling: 1
  m_StereoConvergence: 10
  m_StereoSeparation: 0.022
--- !u!4 &826895935
Transform:
  m_ObjectHideFlags: 0
  m_CorrespondingSourceObject: {fileID: 0}
  m_PrefabInstance: {fileID: 0}
  m_PrefabAsset: {fileID: 0}
  m_GameObject: {fileID: 826895932}
  m_LocalRotation: {x: -0, y: -0, z: -0, w: 1}
  m_LocalPosition: {x: -1117.5271, y: -643.2786, z: -5.8157372}
  m_LocalScale: {x: 1, y: 1, z: 1}
  m_Children: []
  m_Father: {fileID: 558956773}
  m_RootOrder: 4
  m_LocalEulerAnglesHint: {x: 0, y: 0, z: 0}
--- !u!1 &1069214152
GameObject:
  m_ObjectHideFlags: 0
  m_CorrespondingSourceObject: {fileID: 0}
  m_PrefabInstance: {fileID: 0}
  m_PrefabAsset: {fileID: 0}
  serializedVersion: 6
  m_Component:
  - component: {fileID: 1069214155}
  - component: {fileID: 1069214154}
  - component: {fileID: 1069214153}
  m_Layer: 0
  m_Name: AR Session
  m_TagString: Untagged
  m_Icon: {fileID: 0}
  m_NavMeshLayer: 0
  m_StaticEditorFlags: 0
  m_IsActive: 0
--- !u!114 &1069214153
MonoBehaviour:
  m_ObjectHideFlags: 0
  m_CorrespondingSourceObject: {fileID: 0}
  m_PrefabInstance: {fileID: 0}
  m_PrefabAsset: {fileID: 0}
  m_GameObject: {fileID: 1069214152}
  m_Enabled: 1
  m_EditorHideFlags: 0
  m_Script: {fileID: 11500000, guid: fa850fbd5b8aded44846f96e35f1a9f5, type: 3}
  m_Name: 
  m_EditorClassIdentifier: 
--- !u!114 &1069214154
MonoBehaviour:
  m_ObjectHideFlags: 0
  m_CorrespondingSourceObject: {fileID: 0}
  m_PrefabInstance: {fileID: 0}
  m_PrefabAsset: {fileID: 0}
  m_GameObject: {fileID: 1069214152}
  m_Enabled: 1
  m_EditorHideFlags: 0
  m_Script: {fileID: 11500000, guid: 3859a92a05d4f5d418cb6ca605290e74, type: 3}
  m_Name: 
  m_EditorClassIdentifier: 
  m_AttemptUpdate: 1
  m_MatchFrameRate: 1
  m_TrackingMode: 2
--- !u!4 &1069214155
Transform:
  m_ObjectHideFlags: 0
  m_CorrespondingSourceObject: {fileID: 0}
  m_PrefabInstance: {fileID: 0}
  m_PrefabAsset: {fileID: 0}
  m_GameObject: {fileID: 1069214152}
  m_LocalRotation: {x: 0, y: 0, z: 0, w: 1}
  m_LocalPosition: {x: 0, y: 0, z: -1.031}
  m_LocalScale: {x: 1, y: 1, z: 1}
  m_Children: []
  m_Father: {fileID: 0}
  m_RootOrder: 3
  m_LocalEulerAnglesHint: {x: 0, y: 0, z: 0}
--- !u!1001 &1088145897
PrefabInstance:
  m_ObjectHideFlags: 0
  serializedVersion: 2
  m_Modification:
    m_TransformParent: {fileID: 558956773}
    m_Modifications:
    - target: {fileID: 7366904170274603398, guid: 63df3749724346b4794a0f0a85e7daf8,
        type: 3}
      propertyPath: m_Text
      value: setelah kamu memakai semua kelengkapan k3 kontruksi, kamu dapat melihat
        simulasi animasi dan Video penjelasan dari peralatan k3 kontruksi
      objectReference: {fileID: 0}
    - target: {fileID: 7366904170470457524, guid: 63df3749724346b4794a0f0a85e7daf8,
        type: 3}
      propertyPath: m_Sprite
      value: 
      objectReference: {fileID: 4924457535456471298, guid: 4f57634785b8e3e459644491b1819c6c,
        type: 3}
    - target: {fileID: 7366904170470457525, guid: 63df3749724346b4794a0f0a85e7daf8,
        type: 3}
      propertyPath: m_AnchoredPosition.x
      value: -87.5918
      objectReference: {fileID: 0}
    - target: {fileID: 7366904170470457525, guid: 63df3749724346b4794a0f0a85e7daf8,
        type: 3}
      propertyPath: m_AnchoredPosition.y
      value: 435.6319
      objectReference: {fileID: 0}
    - target: {fileID: 7366904170906291222, guid: 63df3749724346b4794a0f0a85e7daf8,
        type: 3}
      propertyPath: m_Pivot.x
      value: 0.5
      objectReference: {fileID: 0}
    - target: {fileID: 7366904170906291222, guid: 63df3749724346b4794a0f0a85e7daf8,
        type: 3}
      propertyPath: m_Pivot.y
      value: 0.5
      objectReference: {fileID: 0}
    - target: {fileID: 7366904170906291222, guid: 63df3749724346b4794a0f0a85e7daf8,
        type: 3}
      propertyPath: m_RootOrder
      value: 3
      objectReference: {fileID: 0}
    - target: {fileID: 7366904170906291222, guid: 63df3749724346b4794a0f0a85e7daf8,
        type: 3}
      propertyPath: m_AnchorMax.x
      value: 0.99000007
      objectReference: {fileID: 0}
    - target: {fileID: 7366904170906291222, guid: 63df3749724346b4794a0f0a85e7daf8,
        type: 3}
      propertyPath: m_AnchorMax.y
      value: 0.45775005
      objectReference: {fileID: 0}
    - target: {fileID: 7366904170906291222, guid: 63df3749724346b4794a0f0a85e7daf8,
        type: 3}
      propertyPath: m_AnchorMin.x
      value: 0.00975
      objectReference: {fileID: 0}
    - target: {fileID: 7366904170906291222, guid: 63df3749724346b4794a0f0a85e7daf8,
        type: 3}
      propertyPath: m_AnchorMin.y
      value: 0.021527778
      objectReference: {fileID: 0}
    - target: {fileID: 7366904170906291222, guid: 63df3749724346b4794a0f0a85e7daf8,
        type: 3}
      propertyPath: m_SizeDelta.x
      value: 1812.1304
      objectReference: {fileID: 0}
    - target: {fileID: 7366904170906291222, guid: 63df3749724346b4794a0f0a85e7daf8,
        type: 3}
      propertyPath: m_SizeDelta.y
      value: 464
      objectReference: {fileID: 0}
    - target: {fileID: 7366904170906291222, guid: 63df3749724346b4794a0f0a85e7daf8,
        type: 3}
      propertyPath: m_LocalScale.x
      value: 0.58116
      objectReference: {fileID: 0}
    - target: {fileID: 7366904170906291222, guid: 63df3749724346b4794a0f0a85e7daf8,
        type: 3}
      propertyPath: m_LocalScale.y
      value: 0.58116
      objectReference: {fileID: 0}
    - target: {fileID: 7366904170906291222, guid: 63df3749724346b4794a0f0a85e7daf8,
        type: 3}
      propertyPath: m_LocalScale.z
      value: 0.58116
      objectReference: {fileID: 0}
    - target: {fileID: 7366904170906291222, guid: 63df3749724346b4794a0f0a85e7daf8,
        type: 3}
      propertyPath: m_LocalPosition.x
      value: 0
      objectReference: {fileID: 0}
    - target: {fileID: 7366904170906291222, guid: 63df3749724346b4794a0f0a85e7daf8,
        type: 3}
      propertyPath: m_LocalPosition.y
      value: 0
      objectReference: {fileID: 0}
    - target: {fileID: 7366904170906291222, guid: 63df3749724346b4794a0f0a85e7daf8,
        type: 3}
      propertyPath: m_LocalPosition.z
      value: 0
      objectReference: {fileID: 0}
    - target: {fileID: 7366904170906291222, guid: 63df3749724346b4794a0f0a85e7daf8,
        type: 3}
      propertyPath: m_LocalRotation.w
      value: 1
      objectReference: {fileID: 0}
    - target: {fileID: 7366904170906291222, guid: 63df3749724346b4794a0f0a85e7daf8,
        type: 3}
      propertyPath: m_LocalRotation.x
      value: 0
      objectReference: {fileID: 0}
    - target: {fileID: 7366904170906291222, guid: 63df3749724346b4794a0f0a85e7daf8,
        type: 3}
      propertyPath: m_LocalRotation.y
      value: 0
      objectReference: {fileID: 0}
    - target: {fileID: 7366904170906291222, guid: 63df3749724346b4794a0f0a85e7daf8,
        type: 3}
      propertyPath: m_LocalRotation.z
      value: 0
      objectReference: {fileID: 0}
    - target: {fileID: 7366904170906291222, guid: 63df3749724346b4794a0f0a85e7daf8,
        type: 3}
      propertyPath: m_AnchoredPosition.x
      value: 0.5
      objectReference: {fileID: 0}
    - target: {fileID: 7366904170906291222, guid: 63df3749724346b4794a0f0a85e7daf8,
        type: 3}
      propertyPath: m_AnchoredPosition.y
      value: -1.9998779
      objectReference: {fileID: 0}
    - target: {fileID: 7366904170906291222, guid: 63df3749724346b4794a0f0a85e7daf8,
        type: 3}
      propertyPath: m_LocalEulerAnglesHint.x
      value: 0
      objectReference: {fileID: 0}
    - target: {fileID: 7366904170906291222, guid: 63df3749724346b4794a0f0a85e7daf8,
        type: 3}
      propertyPath: m_LocalEulerAnglesHint.y
      value: 0
      objectReference: {fileID: 0}
    - target: {fileID: 7366904170906291222, guid: 63df3749724346b4794a0f0a85e7daf8,
        type: 3}
      propertyPath: m_LocalEulerAnglesHint.z
      value: 0
      objectReference: {fileID: 0}
    - target: {fileID: 7366904170906291223, guid: 63df3749724346b4794a0f0a85e7daf8,
        type: 3}
      propertyPath: m_Name
      value: TextBox1-Kotu
      objectReference: {fileID: 0}
    - target: {fileID: 7366904170906291223, guid: 63df3749724346b4794a0f0a85e7daf8,
        type: 3}
      propertyPath: m_IsActive
      value: 0
      objectReference: {fileID: 0}
    - target: {fileID: 7366904171405678537, guid: 63df3749724346b4794a0f0a85e7daf8,
        type: 3}
      propertyPath: m_Sprite
      value: 
      objectReference: {fileID: 21300000, guid: 36887561fe9245c4d87042c11f662410,
        type: 3}
    - target: {fileID: 7366904171405678538, guid: 63df3749724346b4794a0f0a85e7daf8,
        type: 3}
      propertyPath: m_OnClick.m_PersistentCalls.m_Calls.Array.data[0].m_Target
      value: 
      objectReference: {fileID: 1088145901}
    - target: {fileID: 7366904171405678538, guid: 63df3749724346b4794a0f0a85e7daf8,
        type: 3}
      propertyPath: m_OnClick.m_PersistentCalls.m_Calls.Array.data[0].m_MethodName
      value: aktifkan
      objectReference: {fileID: 0}
    m_RemovedComponents:
    - {fileID: 7366904171405678543, guid: 63df3749724346b4794a0f0a85e7daf8, type: 3}
  m_SourcePrefab: {fileID: 100100000, guid: 63df3749724346b4794a0f0a85e7daf8, type: 3}
--- !u!224 &1088145898 stripped
RectTransform:
  m_CorrespondingSourceObject: {fileID: 7366904170906291222, guid: 63df3749724346b4794a0f0a85e7daf8,
    type: 3}
  m_PrefabInstance: {fileID: 1088145897}
  m_PrefabAsset: {fileID: 0}
--- !u!224 &1088145899 stripped
RectTransform:
  m_CorrespondingSourceObject: {fileID: 7366904171405678539, guid: 63df3749724346b4794a0f0a85e7daf8,
    type: 3}
  m_PrefabInstance: {fileID: 1088145897}
  m_PrefabAsset: {fileID: 0}
--- !u!1 &1088145900 stripped
GameObject:
  m_CorrespondingSourceObject: {fileID: 7366904171405678532, guid: 63df3749724346b4794a0f0a85e7daf8,
    type: 3}
  m_PrefabInstance: {fileID: 1088145897}
  m_PrefabAsset: {fileID: 0}
--- !u!114 &1088145901
MonoBehaviour:
  m_ObjectHideFlags: 0
  m_CorrespondingSourceObject: {fileID: 0}
  m_PrefabInstance: {fileID: 0}
  m_PrefabAsset: {fileID: 0}
  m_GameObject: {fileID: 1088145900}
  m_Enabled: 1
  m_EditorHideFlags: 0
  m_Script: {fileID: 11500000, guid: 063bb8d68b8eedc448e9d0f8c02ad327, type: 3}
  m_Name: 
  m_EditorClassIdentifier: 
  menuIni: {fileID: 558956769}
  cameraa: {fileID: 826895932}
  ARSesion: {fileID: 1069214152}
  ARSesionOrigin: {fileID: 1955258754}
  planeControler: {fileID: 1497150647}
--- !u!1 &1126411194
GameObject:
  m_ObjectHideFlags: 0
  m_CorrespondingSourceObject: {fileID: 0}
  m_PrefabInstance: {fileID: 0}
  m_PrefabAsset: {fileID: 0}
  serializedVersion: 6
  m_Component:
  - component: {fileID: 1126411199}
  - component: {fileID: 1126411195}
  - component: {fileID: 1126411198}
  - component: {fileID: 1126411197}
  - component: {fileID: 1126411196}
  - component: {fileID: 1126411201}
  - component: {fileID: 1126411200}
  m_Layer: 0
  m_Name: AR Camera
  m_TagString: MainCamera
  m_Icon: {fileID: 0}
  m_NavMeshLayer: 0
  m_StaticEditorFlags: 0
  m_IsActive: 1
--- !u!20 &1126411195
Camera:
  m_ObjectHideFlags: 0
  m_CorrespondingSourceObject: {fileID: 0}
  m_PrefabInstance: {fileID: 0}
  m_PrefabAsset: {fileID: 0}
  m_GameObject: {fileID: 1126411194}
  m_Enabled: 1
  serializedVersion: 2
  m_ClearFlags: 2
  m_BackGroundColor: {r: 0, g: 0, b: 0, a: 1}
  m_projectionMatrixMode: 1
  m_GateFitMode: 2
  m_FOVAxisMode: 0
  m_SensorSize: {x: 36, y: 24}
  m_LensShift: {x: 0, y: 0}
  m_FocalLength: 50
  m_NormalizedViewPortRect:
    serializedVersion: 2
    x: 0
    y: 0
    width: 1
    height: 1
  near clip plane: 0.1
  far clip plane: 20
  field of view: 60
  orthographic: 0
  orthographic size: 5
  m_Depth: 0
  m_CullingMask:
    serializedVersion: 2
    m_Bits: 4294967295
  m_RenderingPath: -1
  m_TargetTexture: {fileID: 0}
  m_TargetDisplay: 0
  m_TargetEye: 3
  m_HDR: 1
  m_AllowMSAA: 1
  m_AllowDynamicResolution: 0
  m_ForceIntoRT: 0
  m_OcclusionCulling: 1
  m_StereoConvergence: 10
  m_StereoSeparation: 0.022
--- !u!114 &1126411196
MonoBehaviour:
  m_ObjectHideFlags: 0
  m_CorrespondingSourceObject: {fileID: 0}
  m_PrefabInstance: {fileID: 0}
  m_PrefabAsset: {fileID: 0}
  m_GameObject: {fileID: 1126411194}
  m_Enabled: 1
  m_EditorHideFlags: 0
  m_Script: {fileID: 11500000, guid: 816b289ef451e094f9ae174fb4cf8db0, type: 3}
  m_Name: 
  m_EditorClassIdentifier: 
  m_UseCustomMaterial: 0
  m_CustomMaterial: {fileID: 0}
--- !u!114 &1126411197
MonoBehaviour:
  m_ObjectHideFlags: 0
  m_CorrespondingSourceObject: {fileID: 0}
  m_PrefabInstance: {fileID: 0}
  m_PrefabAsset: {fileID: 0}
  m_GameObject: {fileID: 1126411194}
  m_Enabled: 1
  m_EditorHideFlags: 0
  m_Script: {fileID: 11500000, guid: 4966719baa26e4b0e8231a24d9bd491a, type: 3}
  m_Name: 
  m_EditorClassIdentifier: 
  m_FocusMode: -1
  m_LightEstimationMode: -1
  m_AutoFocus: 1
  m_LightEstimation: 0
  m_FacingDirection: 1
--- !u!114 &1126411198
MonoBehaviour:
  m_ObjectHideFlags: 0
  m_CorrespondingSourceObject: {fileID: 0}
  m_PrefabInstance: {fileID: 0}
  m_PrefabAsset: {fileID: 0}
  m_GameObject: {fileID: 1126411194}
  m_Enabled: 1
  m_EditorHideFlags: 0
  m_Script: {fileID: 11500000, guid: 6e3c44306fb1e439a9f18b2212b8ab70, type: 3}
  m_Name: 
  m_EditorClassIdentifier: 
--- !u!4 &1126411199
Transform:
  m_ObjectHideFlags: 0
  m_CorrespondingSourceObject: {fileID: 0}
  m_PrefabInstance: {fileID: 0}
  m_PrefabAsset: {fileID: 0}
  m_GameObject: {fileID: 1126411194}
  m_LocalRotation: {x: 0, y: 0, z: 0, w: 1}
  m_LocalPosition: {x: 0, y: 0, z: 0}
  m_LocalScale: {x: 1, y: 1, z: 1}
  m_Children: []
  m_Father: {fileID: 1955258756}
  m_RootOrder: 0
  m_LocalEulerAnglesHint: {x: 0, y: 0, z: 0}
--- !u!54 &1126411200
Rigidbody:
  m_ObjectHideFlags: 0
  m_CorrespondingSourceObject: {fileID: 0}
  m_PrefabInstance: {fileID: 0}
  m_PrefabAsset: {fileID: 0}
  m_GameObject: {fileID: 1126411194}
  serializedVersion: 2
  m_Mass: 1
  m_Drag: 0
  m_AngularDrag: 0.05
  m_UseGravity: 0
  m_IsKinematic: 1
  m_Interpolate: 0
  m_Constraints: 0
  m_CollisionDetection: 0
--- !u!65 &1126411201
BoxCollider:
  m_ObjectHideFlags: 0
  m_CorrespondingSourceObject: {fileID: 0}
  m_PrefabInstance: {fileID: 0}
  m_PrefabAsset: {fileID: 0}
  m_GameObject: {fileID: 1126411194}
  m_Material: {fileID: 0}
  m_IsTrigger: 1
  m_Enabled: 1
  serializedVersion: 2
  m_Size: {x: 0.01, y: 0.01, z: 1}
  m_Center: {x: 0, y: 0, z: 0}
--- !u!1 &1127305881 stripped
GameObject:
  m_CorrespondingSourceObject: {fileID: 7366904170906291223, guid: 63df3749724346b4794a0f0a85e7daf8,
    type: 3}
  m_PrefabInstance: {fileID: 814087889}
  m_PrefabAsset: {fileID: 0}
--- !u!1 &1188837045 stripped
GameObject:
  m_CorrespondingSourceObject: {fileID: 7366904170906291223, guid: 63df3749724346b4794a0f0a85e7daf8,
    type: 3}
  m_PrefabInstance: {fileID: 1088145897}
  m_PrefabAsset: {fileID: 0}
--- !u!1 &1199315471
GameObject:
  m_ObjectHideFlags: 0
  m_CorrespondingSourceObject: {fileID: 0}
  m_PrefabInstance: {fileID: 0}
  m_PrefabAsset: {fileID: 0}
  serializedVersion: 6
  m_Component:
  - component: {fileID: 1199315474}
  - component: {fileID: 1199315473}
  - component: {fileID: 1199315472}
  m_Layer: 0
  m_Name: EventSystem
  m_TagString: Untagged
  m_Icon: {fileID: 0}
  m_NavMeshLayer: 0
  m_StaticEditorFlags: 0
  m_IsActive: 1
--- !u!114 &1199315472
MonoBehaviour:
  m_ObjectHideFlags: 0
  m_CorrespondingSourceObject: {fileID: 0}
  m_PrefabInstance: {fileID: 0}
  m_PrefabAsset: {fileID: 0}
  m_GameObject: {fileID: 1199315471}
  m_Enabled: 1
  m_EditorHideFlags: 0
  m_Script: {fileID: 11500000, guid: 4f231c4fb786f3946a6b90b886c48677, type: 3}
  m_Name: 
  m_EditorClassIdentifier: 
  m_HorizontalAxis: Horizontal
  m_VerticalAxis: Vertical
  m_SubmitButton: Submit
  m_CancelButton: Cancel
  m_InputActionsPerSecond: 10
  m_RepeatDelay: 0.5
  m_ForceModuleActive: 0
--- !u!114 &1199315473
MonoBehaviour:
  m_ObjectHideFlags: 0
  m_CorrespondingSourceObject: {fileID: 0}
  m_PrefabInstance: {fileID: 0}
  m_PrefabAsset: {fileID: 0}
  m_GameObject: {fileID: 1199315471}
  m_Enabled: 1
  m_EditorHideFlags: 0
  m_Script: {fileID: 11500000, guid: 76c392e42b5098c458856cdf6ecaaaa1, type: 3}
  m_Name: 
  m_EditorClassIdentifier: 
  m_FirstSelected: {fileID: 0}
  m_sendNavigationEvents: 1
  m_DragThreshold: 10
--- !u!4 &1199315474
Transform:
  m_ObjectHideFlags: 0
  m_CorrespondingSourceObject: {fileID: 0}
  m_PrefabInstance: {fileID: 0}
  m_PrefabAsset: {fileID: 0}
  m_GameObject: {fileID: 1199315471}
  m_LocalRotation: {x: 0, y: 0, z: 0, w: 1}
  m_LocalPosition: {x: 0, y: 0, z: 0}
  m_LocalScale: {x: 1, y: 1, z: 1}
  m_Children: []
  m_Father: {fileID: 0}
  m_RootOrder: 1
  m_LocalEulerAnglesHint: {x: 0, y: 0, z: 0}
--- !u!1 &1408320131 stripped
GameObject:
  m_CorrespondingSourceObject: {fileID: 7366904170906291223, guid: 63df3749724346b4794a0f0a85e7daf8,
    type: 3}
  m_PrefabInstance: {fileID: 1718691998}
  m_PrefabAsset: {fileID: 0}
--- !u!1 &1497150647 stripped
GameObject:
  m_CorrespondingSourceObject: {fileID: 1786324570507506577, guid: d3abb623082f43f4bbb0c9b5f0ee3a3c,
    type: 3}
  m_PrefabInstance: {fileID: 779524093}
  m_PrefabAsset: {fileID: 0}
--- !u!1 &1659026419
GameObject:
  m_ObjectHideFlags: 0
  m_CorrespondingSourceObject: {fileID: 0}
  m_PrefabInstance: {fileID: 0}
  m_PrefabAsset: {fileID: 0}
  serializedVersion: 6
  m_Component:
  - component: {fileID: 1659026420}
  - component: {fileID: 1659026422}
  - component: {fileID: 1659026421}
  m_Layer: 5
  m_Name: Text
  m_TagString: Untagged
  m_Icon: {fileID: 0}
  m_NavMeshLayer: 0
  m_StaticEditorFlags: 0
  m_IsActive: 1
--- !u!224 &1659026420
RectTransform:
  m_ObjectHideFlags: 0
  m_CorrespondingSourceObject: {fileID: 0}
  m_PrefabInstance: {fileID: 0}
  m_PrefabAsset: {fileID: 0}
  m_GameObject: {fileID: 1659026419}
  m_LocalRotation: {x: 0, y: 0, z: 0, w: 1}
  m_LocalPosition: {x: 0, y: 0, z: 0}
  m_LocalScale: {x: 0.55651, y: 0.55651, z: 0.55651}
  m_Children: []
  m_Father: {fileID: 1088145899}
  m_RootOrder: 0
  m_LocalEulerAnglesHint: {x: 0, y: 0, z: 0}
  m_AnchorMin: {x: 0.5, y: 0.5}
  m_AnchorMax: {x: 0.5, y: 0.5}
  m_AnchoredPosition: {x: -1.5, y: -3.3}
  m_SizeDelta: {x: 1606.1992, y: 504.9239}
  m_Pivot: {x: 0.5, y: 0.5}
--- !u!114 &1659026421
MonoBehaviour:
  m_ObjectHideFlags: 0
  m_CorrespondingSourceObject: {fileID: 0}
  m_PrefabInstance: {fileID: 0}
  m_PrefabAsset: {fileID: 0}
  m_GameObject: {fileID: 1659026419}
  m_Enabled: 1
  m_EditorHideFlags: 0
  m_Script: {fileID: 11500000, guid: 5f7201a12d95ffc409449d95f23cf332, type: 3}
  m_Name: 
  m_EditorClassIdentifier: 
  m_Material: {fileID: 0}
  m_Color: {r: 1, g: 1, b: 1, a: 1}
  m_RaycastTarget: 1
  m_RaycastPadding: {x: 0, y: 0, z: 0, w: 0}
  m_Maskable: 1
  m_OnCullStateChanged:
    m_PersistentCalls:
      m_Calls: []
  m_FontData:
    m_Font: {fileID: 12800000, guid: 7e978d8ad18e1634a8c13832e27309ce, type: 3}
    m_FontSize: 300
    m_FontStyle: 0
    m_BestFit: 0
    m_MinSize: 10
    m_MaxSize: 300
    m_Alignment: 4
    m_AlignByGeometry: 0
    m_RichText: 1
    m_HorizontalOverflow: 0
    m_VerticalOverflow: 0
    m_LineSpacing: 1
  m_Text: Mulai Praktik
--- !u!222 &1659026422
CanvasRenderer:
  m_ObjectHideFlags: 0
  m_CorrespondingSourceObject: {fileID: 0}
  m_PrefabInstance: {fileID: 0}
  m_PrefabAsset: {fileID: 0}
  m_GameObject: {fileID: 1659026419}
  m_CullTransparentMesh: 0
--- !u!1001 &1670802149
PrefabInstance:
  m_ObjectHideFlags: 0
  serializedVersion: 2
  m_Modification:
    m_TransformParent: {fileID: 391887124}
    m_Modifications:
    - target: {fileID: 5766809870048468484, guid: 08b276a169fbaea45be855dd41f712aa,
        type: 3}
      propertyPath: m_Pivot.x
      value: 0.5
      objectReference: {fileID: 0}
    - target: {fileID: 5766809870048468484, guid: 08b276a169fbaea45be855dd41f712aa,
        type: 3}
      propertyPath: m_Pivot.y
      value: 0.5
      objectReference: {fileID: 0}
    - target: {fileID: 5766809870048468484, guid: 08b276a169fbaea45be855dd41f712aa,
        type: 3}
      propertyPath: m_RootOrder
      value: 0
      objectReference: {fileID: 0}
    - target: {fileID: 5766809870048468484, guid: 08b276a169fbaea45be855dd41f712aa,
        type: 3}
      propertyPath: m_AnchorMax.x
      value: 0.9832187
      objectReference: {fileID: 0}
    - target: {fileID: 5766809870048468484, guid: 08b276a169fbaea45be855dd41f712aa,
        type: 3}
      propertyPath: m_AnchorMax.y
      value: 0.9783056
      objectReference: {fileID: 0}
    - target: {fileID: 5766809870048468484, guid: 08b276a169fbaea45be855dd41f712aa,
        type: 3}
      propertyPath: m_AnchorMin.x
      value: 0.78000003
      objectReference: {fileID: 0}
    - target: {fileID: 5766809870048468484, guid: 08b276a169fbaea45be855dd41f712aa,
        type: 3}
      propertyPath: m_AnchorMin.y
      value: 0.81766665
      objectReference: {fileID: 0}
    - target: {fileID: 5766809870048468484, guid: 08b276a169fbaea45be855dd41f712aa,
        type: 3}
      propertyPath: m_SizeDelta.x
      value: 746
      objectReference: {fileID: 0}
    - target: {fileID: 5766809870048468484, guid: 08b276a169fbaea45be855dd41f712aa,
        type: 3}
      propertyPath: m_SizeDelta.y
      value: 333.48682
      objectReference: {fileID: 0}
    - target: {fileID: 5766809870048468484, guid: 08b276a169fbaea45be855dd41f712aa,
        type: 3}
      propertyPath: m_LocalPosition.x
      value: 0
      objectReference: {fileID: 0}
    - target: {fileID: 5766809870048468484, guid: 08b276a169fbaea45be855dd41f712aa,
        type: 3}
      propertyPath: m_LocalPosition.y
      value: 0
      objectReference: {fileID: 0}
    - target: {fileID: 5766809870048468484, guid: 08b276a169fbaea45be855dd41f712aa,
        type: 3}
      propertyPath: m_LocalPosition.z
      value: 0
      objectReference: {fileID: 0}
    - target: {fileID: 5766809870048468484, guid: 08b276a169fbaea45be855dd41f712aa,
        type: 3}
      propertyPath: m_LocalRotation.w
      value: 1
      objectReference: {fileID: 0}
    - target: {fileID: 5766809870048468484, guid: 08b276a169fbaea45be855dd41f712aa,
        type: 3}
      propertyPath: m_LocalRotation.x
      value: 0
      objectReference: {fileID: 0}
    - target: {fileID: 5766809870048468484, guid: 08b276a169fbaea45be855dd41f712aa,
        type: 3}
      propertyPath: m_LocalRotation.y
      value: 0
      objectReference: {fileID: 0}
    - target: {fileID: 5766809870048468484, guid: 08b276a169fbaea45be855dd41f712aa,
        type: 3}
      propertyPath: m_LocalRotation.z
      value: 0
      objectReference: {fileID: 0}
    - target: {fileID: 5766809870048468484, guid: 08b276a169fbaea45be855dd41f712aa,
        type: 3}
      propertyPath: m_AnchoredPosition.x
      value: 0
      objectReference: {fileID: 0}
    - target: {fileID: 5766809870048468484, guid: 08b276a169fbaea45be855dd41f712aa,
        type: 3}
      propertyPath: m_AnchoredPosition.y
      value: -1.5
      objectReference: {fileID: 0}
    - target: {fileID: 5766809870048468484, guid: 08b276a169fbaea45be855dd41f712aa,
        type: 3}
      propertyPath: m_LocalEulerAnglesHint.x
      value: 0
      objectReference: {fileID: 0}
    - target: {fileID: 5766809870048468484, guid: 08b276a169fbaea45be855dd41f712aa,
        type: 3}
      propertyPath: m_LocalEulerAnglesHint.y
      value: 0
      objectReference: {fileID: 0}
    - target: {fileID: 5766809870048468484, guid: 08b276a169fbaea45be855dd41f712aa,
        type: 3}
      propertyPath: m_LocalEulerAnglesHint.z
      value: 0
      objectReference: {fileID: 0}
    - target: {fileID: 5766809870048468485, guid: 08b276a169fbaea45be855dd41f712aa,
        type: 3}
      propertyPath: m_Name
      value: Kembali
      objectReference: {fileID: 0}
    - target: {fileID: 5766809870048468486, guid: 08b276a169fbaea45be855dd41f712aa,
        type: 3}
      propertyPath: open
      value: 2
      objectReference: {fileID: 0}
    - target: {fileID: 5766809870048468505, guid: 08b276a169fbaea45be855dd41f712aa,
        type: 3}
      propertyPath: m_OnClick.m_PersistentCalls.m_Calls.Array.size
      value: 1
      objectReference: {fileID: 0}
    - target: {fileID: 5766809870048468505, guid: 08b276a169fbaea45be855dd41f712aa,
        type: 3}
      propertyPath: m_OnClick.m_PersistentCalls.m_Calls.Array.data[0].m_Mode
      value: 5
      objectReference: {fileID: 0}
    - target: {fileID: 5766809870048468505, guid: 08b276a169fbaea45be855dd41f712aa,
        type: 3}
      propertyPath: m_OnClick.m_PersistentCalls.m_Calls.Array.data[1].m_Mode
      value: 1
      objectReference: {fileID: 0}
    - target: {fileID: 5766809870048468505, guid: 08b276a169fbaea45be855dd41f712aa,
        type: 3}
      propertyPath: m_OnClick.m_PersistentCalls.m_Calls.Array.data[0].m_Target
      value: 
      objectReference: {fileID: 130375069}
    - target: {fileID: 5766809870048468505, guid: 08b276a169fbaea45be855dd41f712aa,
        type: 3}
      propertyPath: m_OnClick.m_PersistentCalls.m_Calls.Array.data[1].m_CallState
      value: 2
      objectReference: {fileID: 0}
    - target: {fileID: 5766809870048468505, guid: 08b276a169fbaea45be855dd41f712aa,
        type: 3}
      propertyPath: m_OnClick.m_PersistentCalls.m_Calls.Array.data[0].m_MethodName
      value: Play
      objectReference: {fileID: 0}
    - target: {fileID: 5766809870048468505, guid: 08b276a169fbaea45be855dd41f712aa,
        type: 3}
      propertyPath: m_OnClick.m_PersistentCalls.m_Calls.Array.data[0].m_Arguments.m_StringArgument
      value: btn_animasiKembaliClick_Home
      objectReference: {fileID: 0}
    - target: {fileID: 5766809870048468505, guid: 08b276a169fbaea45be855dd41f712aa,
        type: 3}
      propertyPath: m_OnClick.m_PersistentCalls.m_Calls.Array.data[0].m_Arguments.m_ObjectArgumentAssemblyTypeName
      value: UnityEngine.Object, UnityEngine
      objectReference: {fileID: 0}
    m_RemovedComponents: []
  m_SourcePrefab: {fileID: 100100000, guid: 08b276a169fbaea45be855dd41f712aa, type: 3}
--- !u!224 &1670802150 stripped
RectTransform:
  m_CorrespondingSourceObject: {fileID: 5766809870048468484, guid: 08b276a169fbaea45be855dd41f712aa,
    type: 3}
  m_PrefabInstance: {fileID: 1670802149}
  m_PrefabAsset: {fileID: 0}
--- !u!1001 &1718691998
PrefabInstance:
  m_ObjectHideFlags: 0
  serializedVersion: 2
  m_Modification:
    m_TransformParent: {fileID: 558956773}
    m_Modifications:
    - target: {fileID: 7366904170274603398, guid: 63df3749724346b4794a0f0a85e7daf8,
        type: 3}
      propertyPath: m_Text
      value: Hai.. Sebelum melakukan praktikum,ketuk terlebih dahulu layar untuk
        menempatkan media simulasi 3d. setelah itu masuk kedalam portal.
      objectReference: {fileID: 0}
    - target: {fileID: 7366904170470457525, guid: 63df3749724346b4794a0f0a85e7daf8,
        type: 3}
      propertyPath: m_AnchoredPosition.x
      value: -87.5918
      objectReference: {fileID: 0}
    - target: {fileID: 7366904170470457525, guid: 63df3749724346b4794a0f0a85e7daf8,
        type: 3}
      propertyPath: m_AnchoredPosition.y
      value: 435.6319
      objectReference: {fileID: 0}
    - target: {fileID: 7366904170650801694, guid: 63df3749724346b4794a0f0a85e7daf8,
        type: 3}
      propertyPath: m_Text
      value: PEKA
      objectReference: {fileID: 0}
    - target: {fileID: 7366904170906291222, guid: 63df3749724346b4794a0f0a85e7daf8,
        type: 3}
      propertyPath: m_Pivot.x
      value: 0.5
      objectReference: {fileID: 0}
    - target: {fileID: 7366904170906291222, guid: 63df3749724346b4794a0f0a85e7daf8,
        type: 3}
      propertyPath: m_Pivot.y
      value: 0.5
      objectReference: {fileID: 0}
    - target: {fileID: 7366904170906291222, guid: 63df3749724346b4794a0f0a85e7daf8,
        type: 3}
      propertyPath: m_RootOrder
      value: 1
      objectReference: {fileID: 0}
    - target: {fileID: 7366904170906291222, guid: 63df3749724346b4794a0f0a85e7daf8,
        type: 3}
      propertyPath: m_AnchorMax.x
      value: 0.99000007
      objectReference: {fileID: 0}
    - target: {fileID: 7366904170906291222, guid: 63df3749724346b4794a0f0a85e7daf8,
        type: 3}
      propertyPath: m_AnchorMax.y
      value: 0.45775005
      objectReference: {fileID: 0}
    - target: {fileID: 7366904170906291222, guid: 63df3749724346b4794a0f0a85e7daf8,
        type: 3}
      propertyPath: m_AnchorMin.x
      value: 0.00975
      objectReference: {fileID: 0}
    - target: {fileID: 7366904170906291222, guid: 63df3749724346b4794a0f0a85e7daf8,
        type: 3}
      propertyPath: m_AnchorMin.y
      value: 0.021527778
      objectReference: {fileID: 0}
    - target: {fileID: 7366904170906291222, guid: 63df3749724346b4794a0f0a85e7daf8,
        type: 3}
      propertyPath: m_SizeDelta.x
      value: 1812.1304
      objectReference: {fileID: 0}
    - target: {fileID: 7366904170906291222, guid: 63df3749724346b4794a0f0a85e7daf8,
        type: 3}
      propertyPath: m_SizeDelta.y
      value: 464
      objectReference: {fileID: 0}
    - target: {fileID: 7366904170906291222, guid: 63df3749724346b4794a0f0a85e7daf8,
        type: 3}
      propertyPath: m_LocalPosition.x
      value: 0
      objectReference: {fileID: 0}
    - target: {fileID: 7366904170906291222, guid: 63df3749724346b4794a0f0a85e7daf8,
        type: 3}
      propertyPath: m_LocalPosition.y
      value: 0
      objectReference: {fileID: 0}
    - target: {fileID: 7366904170906291222, guid: 63df3749724346b4794a0f0a85e7daf8,
        type: 3}
      propertyPath: m_LocalPosition.z
      value: 0
      objectReference: {fileID: 0}
    - target: {fileID: 7366904170906291222, guid: 63df3749724346b4794a0f0a85e7daf8,
        type: 3}
      propertyPath: m_LocalRotation.w
      value: 1
      objectReference: {fileID: 0}
    - target: {fileID: 7366904170906291222, guid: 63df3749724346b4794a0f0a85e7daf8,
        type: 3}
      propertyPath: m_LocalRotation.x
      value: 0
      objectReference: {fileID: 0}
    - target: {fileID: 7366904170906291222, guid: 63df3749724346b4794a0f0a85e7daf8,
        type: 3}
      propertyPath: m_LocalRotation.y
      value: 0
      objectReference: {fileID: 0}
    - target: {fileID: 7366904170906291222, guid: 63df3749724346b4794a0f0a85e7daf8,
        type: 3}
      propertyPath: m_LocalRotation.z
      value: 0
      objectReference: {fileID: 0}
    - target: {fileID: 7366904170906291222, guid: 63df3749724346b4794a0f0a85e7daf8,
        type: 3}
      propertyPath: m_AnchoredPosition.x
      value: 0.5
      objectReference: {fileID: 0}
    - target: {fileID: 7366904170906291222, guid: 63df3749724346b4794a0f0a85e7daf8,
        type: 3}
      propertyPath: m_AnchoredPosition.y
      value: -1.9998779
      objectReference: {fileID: 0}
    - target: {fileID: 7366904170906291222, guid: 63df3749724346b4794a0f0a85e7daf8,
        type: 3}
      propertyPath: m_LocalEulerAnglesHint.x
      value: 0
      objectReference: {fileID: 0}
    - target: {fileID: 7366904170906291222, guid: 63df3749724346b4794a0f0a85e7daf8,
        type: 3}
      propertyPath: m_LocalEulerAnglesHint.y
      value: 0
      objectReference: {fileID: 0}
    - target: {fileID: 7366904170906291222, guid: 63df3749724346b4794a0f0a85e7daf8,
        type: 3}
      propertyPath: m_LocalEulerAnglesHint.z
      value: 0
      objectReference: {fileID: 0}
    - target: {fileID: 7366904170906291223, guid: 63df3749724346b4794a0f0a85e7daf8,
        type: 3}
      propertyPath: m_Name
      value: TextBox1-Kotu
      objectReference: {fileID: 0}
    - target: {fileID: 7366904170906291223, guid: 63df3749724346b4794a0f0a85e7daf8,
        type: 3}
      propertyPath: m_IsActive
      value: 1
      objectReference: {fileID: 0}
    - target: {fileID: 7366904171405678537, guid: 63df3749724346b4794a0f0a85e7daf8,
        type: 3}
      propertyPath: m_Sprite
      value: 
      objectReference: {fileID: 2764668512825024977, guid: a18018a0019ceed4ca304bcd0162801d,
        type: 3}
    - target: {fileID: 7366904171405678543, guid: 63df3749724346b4794a0f0a85e7daf8,
        type: 3}
      propertyPath: ActivateMenu
      value: 
      objectReference: {fileID: 1127305881}
    - target: {fileID: 7366904171405678543, guid: 63df3749724346b4794a0f0a85e7daf8,
        type: 3}
      propertyPath: NonActivateMenu
      value: 
      objectReference: {fileID: 1408320131}
    m_RemovedComponents: []
  m_SourcePrefab: {fileID: 100100000, guid: 63df3749724346b4794a0f0a85e7daf8, type: 3}
--- !u!224 &1718691999 stripped
RectTransform:
  m_CorrespondingSourceObject: {fileID: 7366904170906291222, guid: 63df3749724346b4794a0f0a85e7daf8,
    type: 3}
  m_PrefabInstance: {fileID: 1718691998}
  m_PrefabAsset: {fileID: 0}
--- !u!1 &1955258754
GameObject:
  m_ObjectHideFlags: 0
  m_CorrespondingSourceObject: {fileID: 0}
  m_PrefabInstance: {fileID: 0}
  m_PrefabAsset: {fileID: 0}
  serializedVersion: 6
  m_Component:
  - component: {fileID: 1955258756}
  - component: {fileID: 1955258755}
  - component: {fileID: 1955258760}
  - component: {fileID: 1955258759}
  - component: {fileID: 1955258758}
  - component: {fileID: 1955258757}
  - component: {fileID: 1955258761}
  m_Layer: 0
  m_Name: AR Session Origin
  m_TagString: Untagged
  m_Icon: {fileID: 0}
  m_NavMeshLayer: 0
  m_StaticEditorFlags: 0
  m_IsActive: 0
--- !u!114 &1955258755
MonoBehaviour:
  m_ObjectHideFlags: 0
  m_CorrespondingSourceObject: {fileID: 0}
  m_PrefabInstance: {fileID: 0}
  m_PrefabAsset: {fileID: 0}
  m_GameObject: {fileID: 1955258754}
  m_Enabled: 1
  m_EditorHideFlags: 0
  m_Script: {fileID: 11500000, guid: 520bb47c46cf8624fafb307b7d1b862a, type: 3}
  m_Name: 
  m_EditorClassIdentifier: 
  m_Camera: {fileID: 1126411195}
--- !u!4 &1955258756
Transform:
  m_ObjectHideFlags: 0
  m_CorrespondingSourceObject: {fileID: 0}
  m_PrefabInstance: {fileID: 0}
  m_PrefabAsset: {fileID: 0}
  m_GameObject: {fileID: 1955258754}
  m_LocalRotation: {x: 0, y: 0, z: 0, w: 1}
  m_LocalPosition: {x: 0, y: 0, z: 0}
  m_LocalScale: {x: 1, y: 1, z: 1}
  m_Children:
  - {fileID: 1126411199}
  m_Father: {fileID: 0}
  m_RootOrder: 2
  m_LocalEulerAnglesHint: {x: 0, y: 0, z: 0}
--- !u!114 &1955258757
MonoBehaviour:
  m_ObjectHideFlags: 0
  m_CorrespondingSourceObject: {fileID: 0}
  m_PrefabInstance: {fileID: 0}
  m_PrefabAsset: {fileID: 0}
  m_GameObject: {fileID: 1955258754}
  m_Enabled: 1
  m_EditorHideFlags: 0
  m_Script: {fileID: 11500000, guid: 35be7c8fea479b5428a41e9b2aba71f0, type: 3}
  m_Name: 
  m_EditorClassIdentifier: 
  buttonText: {fileID: 779524094}
--- !u!114 &1955258758
MonoBehaviour:
  m_ObjectHideFlags: 0
  m_CorrespondingSourceObject: {fileID: 0}
  m_PrefabInstance: {fileID: 0}
  m_PrefabAsset: {fileID: 0}
  m_GameObject: {fileID: 1955258754}
  m_Enabled: 1
  m_EditorHideFlags: 0
  m_Script: {fileID: 11500000, guid: 3fd6ea3e13f5d324189b65206111ff98, type: 3}
  m_Name: 
  m_EditorClassIdentifier: 
  portalPrefabs: {fileID: 3170935694757411010, guid: 892d5dc53b98c9442b6d1ba032b6ee21,
    type: 3}
--- !u!114 &1955258759
MonoBehaviour:
  m_ObjectHideFlags: 0
  m_CorrespondingSourceObject: {fileID: 0}
  m_PrefabInstance: {fileID: 0}
  m_PrefabAsset: {fileID: 0}
  m_GameObject: {fileID: 1955258754}
  m_Enabled: 1
  m_EditorHideFlags: 0
  m_Script: {fileID: 11500000, guid: fa17d122634046b4a8e23048891fafc5, type: 3}
  m_Name: 
  m_EditorClassIdentifier: 
  m_RaycastPrefab: {fileID: 0}
--- !u!114 &1955258760
MonoBehaviour:
  m_ObjectHideFlags: 0
  m_CorrespondingSourceObject: {fileID: 0}
  m_PrefabInstance: {fileID: 0}
  m_PrefabAsset: {fileID: 0}
  m_GameObject: {fileID: 1955258754}
  m_Enabled: 1
  m_EditorHideFlags: 0
  m_Script: {fileID: 11500000, guid: e1760703bbd54c04488a8d10600262ab, type: 3}
  m_Name: 
  m_EditorClassIdentifier: 
  m_PlanePrefab: {fileID: 244570753488359626, guid: e4f216438720e464593d8e8cd3641daf,
    type: 3}
  m_DetectionMode: 1
--- !u!114 &1955258761
MonoBehaviour:
  m_ObjectHideFlags: 0
  m_CorrespondingSourceObject: {fileID: 0}
  m_PrefabInstance: {fileID: 0}
  m_PrefabAsset: {fileID: 0}
  m_GameObject: {fileID: 1955258754}
  m_Enabled: 1
  m_EditorHideFlags: 0
  m_Script: {fileID: 11500000, guid: a39dce626de356746af647fb5a3af4f8, type: 3}
  m_Name: 
  m_EditorClassIdentifier: 
--- !u!1 &2016247558
GameObject:
  m_ObjectHideFlags: 0
  m_CorrespondingSourceObject: {fileID: 0}
  m_PrefabInstance: {fileID: 0}
  m_PrefabAsset: {fileID: 0}
  serializedVersion: 6
  m_Component:
  - component: {fileID: 2016247559}
  - component: {fileID: 2016247561}
  - component: {fileID: 2016247560}
  m_Layer: 5
  m_Name: BG
  m_TagString: Untagged
  m_Icon: {fileID: 0}
  m_NavMeshLayer: 0
  m_StaticEditorFlags: 0
  m_IsActive: 1
--- !u!224 &2016247559
RectTransform:
  m_ObjectHideFlags: 0
  m_CorrespondingSourceObject: {fileID: 0}
  m_PrefabInstance: {fileID: 0}
  m_PrefabAsset: {fileID: 0}
  m_GameObject: {fileID: 2016247558}
  m_LocalRotation: {x: 0, y: 0, z: 0, w: 1}
  m_LocalPosition: {x: 0, y: 0, z: 0}
  m_LocalScale: {x: 1, y: 1, z: 1}
  m_Children: []
  m_Father: {fileID: 558956773}
  m_RootOrder: 0
  m_LocalEulerAnglesHint: {x: 0, y: 0, z: 0}
  m_AnchorMin: {x: 0, y: 0}
  m_AnchorMax: {x: 1, y: 1}
  m_AnchoredPosition: {x: 0, y: 0}
  m_SizeDelta: {x: 0, y: 0}
  m_Pivot: {x: 0.5, y: 0.5}
--- !u!114 &2016247560
MonoBehaviour:
  m_ObjectHideFlags: 0
  m_CorrespondingSourceObject: {fileID: 0}
  m_PrefabInstance: {fileID: 0}
  m_PrefabAsset: {fileID: 0}
  m_GameObject: {fileID: 2016247558}
  m_Enabled: 1
  m_EditorHideFlags: 0
  m_Script: {fileID: 11500000, guid: fe87c0e1cc204ed48ad3b37840f39efc, type: 3}
  m_Name: 
  m_EditorClassIdentifier: 
  m_Material: {fileID: 0}
  m_Color: {r: 1, g: 1, b: 1, a: 1}
  m_RaycastTarget: 1
  m_RaycastPadding: {x: 0, y: 0, z: 0, w: 0}
  m_Maskable: 1
  m_OnCullStateChanged:
    m_PersistentCalls:
      m_Calls: []
  m_Sprite: {fileID: -5914926414898421119, guid: b5e49e8e6e479c945bf3f2bf4f9b1bf6,
    type: 3}
  m_Type: 0
  m_PreserveAspect: 0
  m_FillCenter: 1
  m_FillMethod: 4
  m_FillAmount: 1
  m_FillClockwise: 1
  m_FillOrigin: 0
  m_UseSpriteMesh: 0
  m_PixelsPerUnitMultiplier: 1
--- !u!222 &2016247561
CanvasRenderer:
  m_ObjectHideFlags: 0
  m_CorrespondingSourceObject: {fileID: 0}
  m_PrefabInstance: {fileID: 0}
  m_PrefabAsset: {fileID: 0}
  m_GameObject: {fileID: 2016247558}
  m_CullTransparentMesh: 0
--- !u!1 &2044785970
GameObject:
  m_ObjectHideFlags: 0
  m_CorrespondingSourceObject: {fileID: 0}
  m_PrefabInstance: {fileID: 0}
  m_PrefabAsset: {fileID: 0}
  serializedVersion: 6
  m_Component:
  - component: {fileID: 2044785971}
  - component: {fileID: 2044785972}
  - component: {fileID: 2044785974}
  - component: {fileID: 2044785973}
  m_Layer: 0
  m_Name: GameObject
  m_TagString: Untagged
  m_Icon: {fileID: 0}
  m_NavMeshLayer: 0
  m_StaticEditorFlags: 0
  m_IsActive: 1
--- !u!4 &2044785971
Transform:
  m_ObjectHideFlags: 0
  m_CorrespondingSourceObject: {fileID: 0}
  m_PrefabInstance: {fileID: 0}
  m_PrefabAsset: {fileID: 0}
  m_GameObject: {fileID: 2044785970}
  m_LocalRotation: {x: 0, y: 0, z: 0, w: 1}
  m_LocalPosition: {x: 0.56770205, y: 1.3864287, z: 3.6505845}
  m_LocalScale: {x: 1, y: 1, z: 1}
  m_Children: []
  m_Father: {fileID: 0}
  m_RootOrder: 5
  m_LocalEulerAnglesHint: {x: 0, y: 0, z: 0}
--- !u!82 &2044785972
AudioSource:
  m_ObjectHideFlags: 0
  m_CorrespondingSourceObject: {fileID: 0}
  m_PrefabInstance: {fileID: 0}
  m_PrefabAsset: {fileID: 0}
  m_GameObject: {fileID: 2044785970}
  m_Enabled: 1
  serializedVersion: 4
  OutputAudioMixerGroup: {fileID: 0}
  m_audioClip: {fileID: 8300000, guid: ecdaa8cf69779014c8d31e6004d4167a, type: 3}
  m_PlayOnAwake: 1
  m_Volume: 1
  m_Pitch: 1
  Loop: 1
  Mute: 0
  Spatialize: 0
  SpatializePostEffects: 0
  Priority: 128
  DopplerLevel: 1
  MinDistance: 1
  MaxDistance: 500
  Pan2D: 0
  rolloffMode: 0
  BypassEffects: 0
  BypassListenerEffects: 0
  BypassReverbZones: 0
  rolloffCustomCurve:
    serializedVersion: 2
    m_Curve:
    - serializedVersion: 3
      time: 0
      value: 1
      inSlope: 0
      outSlope: 0
      tangentMode: 0
      weightedMode: 0
      inWeight: 0.33333334
      outWeight: 0.33333334
    - serializedVersion: 3
      time: 1
      value: 0
      inSlope: 0
      outSlope: 0
      tangentMode: 0
      weightedMode: 0
      inWeight: 0.33333334
      outWeight: 0.33333334
    m_PreInfinity: 2
    m_PostInfinity: 2
    m_RotationOrder: 4
  panLevelCustomCurve:
    serializedVersion: 2
    m_Curve:
    - serializedVersion: 3
      time: 0
      value: 0
      inSlope: 0
      outSlope: 0
      tangentMode: 0
      weightedMode: 0
      inWeight: 0.33333334
      outWeight: 0.33333334
    m_PreInfinity: 2
    m_PostInfinity: 2
    m_RotationOrder: 4
  spreadCustomCurve:
    serializedVersion: 2
    m_Curve:
    - serializedVersion: 3
      time: 0
      value: 0
      inSlope: 0
      outSlope: 0
      tangentMode: 0
      weightedMode: 0
      inWeight: 0.33333334
      outWeight: 0.33333334
    m_PreInfinity: 2
    m_PostInfinity: 2
    m_RotationOrder: 4
  reverbZoneMixCustomCurve:
    serializedVersion: 2
    m_Curve:
    - serializedVersion: 3
      time: 0
      value: 1
      inSlope: 0
      outSlope: 0
      tangentMode: 0
      weightedMode: 0
      inWeight: 0.33333334
      outWeight: 0.33333334
    m_PreInfinity: 2
    m_PostInfinity: 2
    m_RotationOrder: 4
--- !u!81 &2044785973
AudioListener:
  m_ObjectHideFlags: 0
  m_CorrespondingSourceObject: {fileID: 0}
  m_PrefabInstance: {fileID: 0}
  m_PrefabAsset: {fileID: 0}
  m_GameObject: {fileID: 2044785970}
  m_Enabled: 1
--- !u!114 &2044785974
MonoBehaviour:
  m_ObjectHideFlags: 0
  m_CorrespondingSourceObject: {fileID: 0}
  m_PrefabInstance: {fileID: 0}
  m_PrefabAsset: {fileID: 0}
  m_GameObject: {fileID: 2044785970}
  m_Enabled: 1
  m_EditorHideFlags: 0
  m_Script: {fileID: 11500000, guid: cea6aba09ac885a40ab62a86ae771dc0, type: 3}
  m_Name: 
  m_EditorClassIdentifier: 
  audioSource: {fileID: 2044785972}
  slider: {fileID: 0}
  bukanARFOUNDATION: 1
  mainMenu: 0
